4836 5782
1142 513 1346 614 WZPW

473 702 537 780 opt.
570 697 628 762 fut.
654 699 734 762 med.
767 702 939 780 usurpatur
971 697 1010 776 11,
1034 697 1107 773 2,3
1140 685 1396 780 προιδόντες..
1422 689 1475 760 ότι
1498 691 1608 763 ἔσοιτο
1641 691 1658 762 ὁ
1682 691 1844 780 πόλεμοςε
1877 702 1959 766 idem
1983 704 2039 767 fut.
2063 703 2117 783 80,
2149 707 2185 770 1.

319 799 397 870 7111,
421 800 474 876 48,
497 799 525 862 2.
550 799 602 878 50,
628 801 655 862 l.
690 799 741 877 99,
767 799 796 864 1.
818 789 886 880 (ὅτι
910 848 916 861 .
941 847 948 863 .
972 793 1191 882 παρέσοιντο).
1238 798 1287 876 71,
1311 797 1405 877 25,2
1438 790 1538 876 εἶπεν,
1564 851 1570 864 .
1595 851 1602 864 .
1628 793 1680 865 ότι
1707 795 1931 883 βουλεύσοιτο.
1978 806 2029 880 74,
2055 807 2070 867 1
2096 797 2174 868 ἐπι-

318 891 476 977 στάμενος
499 893 553 963 ότι
575 890 740 985 φεόξοιτο.
2041 937 2044 949 ‹

471 1002 651 1080 Indicativi,
682 1002 737 1082 qni
765 1003 803 1064 ut
826 1000 909 1082 apud
943 1001 1034 1080 aiios,
1067 1001 1112 1065 ita
1142 1001 1226 1083 apud
1259 1000 1398 1084 Thucyd‘.
1430 1024 1524 1084 saepe
1558 1007 1630 1085 poet
1660 1009 1805 1087 tempora
1839 1006 1992 1070 historica
2026 1006 2182 1088 ponitur,

317 1105 461 1185 exempla
485 1103 645 1166 efferenda
668 1125 736 1166 esne
759 1123 822 1166 non
844 1107 933 1185 puto.
956 1138 998 1148 -
1020 1103 1268 1186 Nonnumquam
1292 1105 1338 1167 ita
1362 1105 1502 1168 varietur
1523 1107 1635 1183 oratio,
1662 1112 1698 1169 nt
1721 1107 1762 1170 ab
1785 1113 1850 1189 opt.
1873 1108 1915 1171 ad
1938 1108 2032 1172 indie.
2058 1108 2178 1172 veleb

318 1206 414 1269 indie.
439 1205 477 1268 ad
503 1210 567 1286 opt.
591 1209 788 1268 transeatur:
825 1205 863 1268 ef.
888 1228 914 1268 ε.
938 1226 983 1287 gr.
1014 1205 1052 1283 II,
1079 1205 1169 1282 13,1
1201 1193 1406 1290 προηγόρευε
1429 1255 1435 1268 .
1462 1255 1467 1269 .
1493 1195 1545 1268 ότι
1565 1193 1763 1288 Ἀρχίδαμος
1784 1203 1843 1286 μέν
1873 1203 1905 1269 οἱ
1928 1205 2017 1285 ξένος
2046 1205 2106 1293 εἴη,
2134 1197 2183 1272 οὖ

317 1303 428 1386 μέντοι
453 1299 505 1368 ἐπί
529 1304 617 1387 κακῷ
639 1328 675 1386 γε
695 1303 753 1391 τῆς
774 1293 905 1379 πόλεως
925 1303 1062 1388 γένοιτο,
1084 1295 1162 1379 τούς
1185 1304 1214 1383 δ’
1225 1295 1346 1392 άγροδς
1366 1296 1446 1380 τοδς
1460 1303 1578 1370 ἑαυτοῦ
1592 1306 1645 1370 καί
1664 1303 1778 1385 οἰκίας,
1800 1297 1839 1391 ἢν
1853 1299 1919 1391 άρα
1933 1299 1979 1392 μή
1997 1301 2182 1394 δῃώσωσιν

319 1404 351 1469 οἱ
373 1403 530 1486 πολέμιοι
554 1455 562 1472 .
586 1455 604 1483 .,
627 1396 765 1492 άφίησιν
786 1396 870 1470 anitii
893 1397 1040 1492 δημόσια
1063 1397 1155 1472 εἶναι.
1200 1407 1251 1485 80,
1279 1409 1296 1470 1
1324 1405 1516 1472 πείθουσι.
1542 1459 1547 1473 .
1572 1405 1726 1491 λέγοντες,
1751 1401 1805 1473 ὅτι
1829 1460 1835 1473 .
1860 1460 1866 1474 .
1889 1399 2092 1494 κρατήσουσι
2115 1411 2180 1476 καὶ

318 1499 336 1569 δ
354 1504 537 1586 περίπλους
559 1497 666 1571 σι”κέτι
688 1501 798 1572 ἔσοιτο
818 1495 1019 1596 Ἀθηναίοις·
1043 1503 1163 1572 ἐλπίδα
1179 1506 1208 1569 δ’
1220 1497 1303 1571 εἶναι
1318 1533 1344 1572 κ.
1361 1532 1387 1573 τ.
1403 1508 1430 1572 λ.
1474 1511 1524 1589 17,
1544 1511 1645 1588 130,4
1666 1508 1721 1574 καί
1743 1533 1830 1586 τινος
1847 1563 1854 1576 .
1871 1562 1878 1578 .
1895 1500 2133 1587 ἀντειπόντος.
2158 1565 2179 1594 .,

319 1600 371 1671 ὅτι
395 1598 452 1671 οὐκ
474 1605 637 1688 ἐπέξεισιν
659 1597 736 1672 οὐδὲ
760 1606 870 1672 δέοιτο
902 1607 1065 1688 πολεμεῖν.
1112 1610 1189 1688 VIII,
1213 1611 1264 1688 50,
1291 1614 1305 1673 1
1336 1601 1431 1692 γνοδς
1453 1603 1507 1675 ὅτι
1528 1605 1641 1676 ἔσοιτο
1665 1662 1671 1676 .
1697 1665 1703 1678 .
1726 1608 1824 1696 λόγος
1845 1610 1899 1676 καὶ
1924 1603 1977 1677 ὅτι
1996 1601 2181 1698 Ἀθηναῖοι

318 1707 507 1787 ἐνδέξοιται.
553 1712 633 1776 ib.5
655 1698 853 1774 (inventitia
877 1761 883 1774 .
904 1759 909 1772 .
934 1700 975 1773 τά
990 1732 1026 1774 τε
1047 1699 1195 1796 πρότερα
1216 1701 1428 1797 μεμφόμενος
1452 1704 1503 1775 ότι
1528 1701 1567 1776 οὗ
1588 1713 1695 1788 καλῶς
1716 1707 1877 1800 ἐκρύφθη,
1900 1713 1952 1778 καί
1975 1712 2030 1776 νῦν
2053 1706 2105 1778 ὅτι
2132 1765 2138 1778 .
2169 1767 2177 1782 .

318 1809 449 1891 ἑτοῖμος
473 1813 531 1898 είη.
582 1815 633 1891 72,
658 1816 672 1876 1
699 1811 868 1891 πέμπουσι
894 1864 900 1878 .
924 1863 931 1879 .
956 1803 1149 1892 διδάξοντας
1172 1805 1225 1889 τίς
1252 1803 1308 1878 οὐκ
1331 1811 1385 1878 ἐπὶ
1408 1803 1514 1900 βλάβη
1536 1807 1555 1898 ἡ
1579 1803 1750 1901 ὀλιγαρχία
1773 1813 1920 1902 κατέστη,
1944 1869 1950 1883 .
1974 1868 1980 1880 .
2004 1837 2179 1890 πεντακις-

317 1909 421 1993 χίλιοί
442 1933 478 1976 τε
503 1905 556 1976 ὅτι
579 1905 652 1978 είεν.

471 2015 625 2080 Similiter
646 2018 687 2082 ab
710 2018 855 2099 optativo
878 2019 919 2082 ed
940 2018 1028 2082 infin.
1053 2020 1246 2083 deflectitur:
1270 2019 1293 2098 1,
1309 2019 1398 2094 87,4
1419 2007 1523 2094 ελπον,
1548 2009 1599 2080 ότι
1623 2069 1653 2083 ..
1679 2015 1806 2081 δοκοῖεν
1828 2006 1963 2095 άδικεῒν,
1985 2008 2179 2096 βούλεσθαι

318 2107 355 2179 δὲ
376 2142 402 2180 κ,
420 2140 445 2180 τ.
463 2116 489 2182 λ.
536 2118 573 2196 11,
597 2119 648 2197 80,
674 2121 691 2182 1
714 2119 765 2198 (ef.
787 2121 905 2201 supra).
937 2119 971 2198 V,
995 2120 1046 2199 61,
1069 2120 1089 2183 2
1113 2111 1221 2200 ἔλεγον
1244 2171 1250 2184 .
1275 2171 1280 2184 .
1306 2109 1358 2182 ότι
1383 2107 1441 2181 οὐκ
1463 2106 1577 2203 ὀρθῶς
1598 2115 1633 2182 αί
1649 2116 1792 2182 σπονδαί
1815 2167 1822 2180 .
1847 2167 1855 2186 .
1877 2117 1930 2183 καί
1953 2117 2096 2202 γένοιντο
2117 2119 2178 2183 καὶ

316 2217 370 2280 νῦν
394 2269 400 2281 .
426 2270 432 2285 .
456 2211 626 2282 ἅπτεσθαι
648 2219 764 2306 χρῆναι
785 2219 846 2284 τοῦ
868 2218 1025 2300 πολέμου.
1069 2221 1118 2298 17,
1141 2222 1193 2298 46,
1210 2221 1239 2286 5.
1263 2222 1315 2298 97,
1332 2221 1360 2285 2.
1404 2235 1408 2242 ’

575 2327 633 2403 fiſsi)
656 2326 745 2388 notio
768 2345 883 2388 causae
905 2325 990 2388 inest
1011 2323 1049 2402 ΙΙ,
1074 2325 1125 2400 21,
1149 2323 1168 2387 3
1191 2313 1348 2399 ἐκάκιζον,
1372 2314 1425 2386 ὅτι
1448 2314 1626 2408 στρατηγός
1649 2314 1693 2386 ὢν
1716 2309 1774 2387 onix
1796 2313 1959 2407 ἐπεξάγοι.

523 2445 559 2518 β)
575 2463 636 2624 gig)
654 2548 727 2625 post
751 2542 907 2606 vocabula
930 2543 1087 2606 sentiendi
1111 2549 1143 2608 et
1165 2544 1291 2608 dicendi
1314 2547 1361 2624 (=
1384 2545 1485 2620 dess):

473 2649 538 2726 opt.
565 2665 663 2726 praes.
687 2642 734 2706 vel
758 2665 838 2707 eon:
869 2643 893 2720 1,
916 2642 1004 2725 72,1
1026 2636 1137 2724 ἔδοξεν
1159 2695 1166 2708 .
1194 2691 1201 2706 .
1225 2641 1372 2730 δηλῶσαι
1397 2696 1403 2709 .
1427 2695 1434 2708 .
1458 2637 1504 2718 ὥς
1527 2632 1566 2706 οδ
1587 2643 1711 2723 ταχέως
1734 2695 1741 2710 .
1765 2695 1772 2713 .
1794 2640 1988 2728 βουλευτέον
2010 2639 2068 2726 είη.
2095 2637 2169 2704 133.

320 2745 372 2822 111,
396 2745 466 2820 3,3.
490 2746 585 2822 97,1.
623 2742 923 2822 17,]1,4.108,2.
969 2745 1185 2822 v,16,1fin.
1212 2745 1304 2824 21,2.
1349 2747 1399 2824 VI,
1422 2747 1493 2823 8,2.
1518 2745 1569 2824 28,
1585 2747 1613 2810 2.
1637 2747 1688 2824 46,
1704 2749 1733 2811 4.
1783 2747 1846 2824 711,
1871 2747 1963 2823 25,9.
1996 2744 2075 2820 7111,
2093 2741 2170 2815 2,1.

317 2849 387 2924 6,4.
412 2847 463 2920 24,
476 2849 506 2910 5.
530 2846 623 2924 45,4.
647 2845 815 2919 53‚let2.
839 2847 931 2924 65,3.
956 2848 1006 2920 83,
1018 2847 1046 2910 3.
1071 2847 1162 2923 85,3.
1187 2847 1238 2924 86,
1251 2847 1279 2910 3.

470 2951 536 3030 opt.
561 2948 635 3030 perf.
658 2951 719 3010 act.
744 2947 781 3020 Il,
805 2947 856 3026 48,
880 2949 900 3010 2
929 2945 981 3009 καί
1005 2943 1124 3031 ἐλέχθη
1150 2997 1155 3010 .
1181 2995 1199 3024 .,
1230 2939 1276 3021 ὠς
1298 2943 1330 3010 οἱ
1354 2939 1618 3033 Πελοποννήσιοι
1651 2941 1807 3032 φάρμακα
1830 2937 2052 3030 ἐςγλεβληκοιεν
2075 2943 2107 3016 ἐς
2129 2931 2174 3002 τά

317 3046 453 3133 φρέατα.
479 3085 516 3094 -
543 3048 619 3131 perf.
645 3048 723 3112 med.
751 3048 927 3127 7Π1,51,1
955 3049 1024 3130 (qni
1043 3049 1130 3112 loeus
1154 3050 1246 3112 simul
1270 3051 1436 3114 modorum
1461 3051 1592 3115 intense
1614 3055 1809 3114 mutatorum
1827 3049 2006 3131 exemplum
2024 3044 2172 3131 praebet)

317 3140 487 3232 ἐξάγγελος
508 3147 659 3233 γίγνεται,
683 3138 728 3222 τίς
751 3146 783 3211 οἱ
805 3147 963 3230 πολέμιοι
985 3147 1158 3229 μέλλουσιν
1183 3199 1209 3214 ..
1235 3141 1468 3236 ἐπιθήσεσθαι
1491 3198 1497 3213 .
1523 3197 1529 3210 .
1552 3148 1604 3213 καί
1627 3149 1732 3214 ταῦτα
1755 3150 1872 3235 σαφῶς
1890 3147 2097 3230 πεπυσμένος
2120 3143 2173 3230 εἴη

318 3250 371 3314 καί
394 3250 510 3336 χρῆναι
532 3250 692 3330 τειχίζειν.

471 3359 537 3436 opt.
557 3355 613 3418 fut.
636 3361 697 3419 act.
721 3355 771 3432 IV,
793 3352 877 3431 83‚4
900 3343 1067 3437 εἰρήκεσαν
1091 3406 1097 3419 ,
1124 3404 1129 3417 .
1155 3344 1200 3426 τίς
1222 3347 1330 3415 πολλά
1355 3401 1361 3415 .
1387 3403 1393 3415 .
1417 3343 1568 3432 ξίνμμαχα
1589 3342 1738 3438 ποιήσοι.
1763 3391 1802 3399 -
1827 3355 1885 3417 fut.
1910 3354 1991 3416 med.
2016 3351 2173 3429 71,39,2

316 3458 386 3534 μετ’
410 3451 546 3528 ἐλπίδος
568 3477 601 3516 τε
625 3447 695 3538 ἅμα
717 3447 822 3528 ἰόντες
843 3453 897 3518 καί
920 3443 1126 3540 ὀλοφυρμῶν,
1148 3445 1189 3516 τά
1210 3451 1269 3534 μέν
1290 3444 1336 3527 ιός
1357 3442 1538 3538 κτήσαιντο,
1560 3445 1638 3529 τοιῖς
1660 3453 1689 3517 δ’
1707 3455 1739 3516 εί
1759 3475 1841 3515 ποτε
1864 3445 2015 3536 όψοινιο.

473 3559 665 3622 Van-iationis
693 3559 838 3640 exempla
867 3559 944 3622 haec
973 3563 1068 3622 sunt:
1108 3548 1208 3620 δτια.
1232 3558 1462 3637 misequitur
1492 3557 1556 3630 vn,
1580 3557 1630 3630 25,
1656 3557 1676 3618 9
1707 3549 1861 3640 ἔπεμψαν
1884 3604 1890 3617 .
1916 3603 1923 3616 .
1947 3549 2104 3634 πρέσβεις
2128 3598 2135 3612 .
2162 3600 2169 3617 .

212 3645 214 3650 ’
318 3648 530 3740 άγγέλλοιτας
555 3706 561 3718 .
588 3710 593 3723 ,
620 3652 665 3733 ὠς
688 3648 725 3721 οι]
749 3658 787 3744 τῇ
810 3656 874 3721 τῶν
895 3655 1062 3740 πολεμίων
1085 3647 1174 3738 ι’σχόι
1194 3657 1318 3738 μᾶλλον
1339 3647 1359 3740 ἢ
1382 3655 1421 3742 τῇ
1444 3653 1587 3740 σφετέρᾳ
1614 3655 1737 3742 ταραχῇ
1766 3647 1952 3742 ἦσοηθεῖεν,
1974 3643 2066 3719 τότε
2089 3645 2176 3717 άλλα

320 3749 361 3822 αδ
377 3749 586 3844 δηλώσοντας
610 3752 662 3821 ὅτι
679 3757 711 3824 ἐν
730 3757 859 3823 ἐλπίσιν
882 3755 955 3826 είοί.
989 3760 1066 3837 71Π,
1082 3760 1170 3838 86,3
1193 3755 1225 3822 οὶ
1241 3755 1278 3821 δέ
1296 3747 1497 3843 ἐπήγγελλον
1519 3748 1564 3830 ιδς
1588 3749 1662 3821 οὔτε
1685 3753 1740 3820 ἐπί
1763 3755 1940 3843 διαφθορᾷ
1962 3757 2020 3844 τῆς
2042 3748 2174 3830 πόλεως

319 3853 561 3946 ἡμετάσταοις
593 3859 729 3944 γένοιτο,
753 3851 823 3924 άλλ’
847 3859 902 3926 ἐπὶ
925 3859 1079 3948 σωτηρίᾳ,
1116 3849 1191 3925 οὗθ’
1214 3856 1267 3923 ἵνα
1288 3863 1360 3933 τοῖς
1381 3856 1556 3939 πολεμίοις
1577 3857 1759 3944 παραδοθῇ
1786 3909 1791 3920 .
1816 3905 1834 3936 .,
1867 3859 1930 3923 τῶν
1947 3881 1983 3924 τε
2005 3881 2173 3935 πεντακις-

318 3961 431 4044 χιλίοικ
455 3953 508 4026 ὅτι
530 3955 650 4037 πάντες
671 3960 703 4026 ἐν
724 3962 771 4044 τῷ
793 3961 887 4048 μέρει
912 3962 1119 4042 μεθέξουσιν.
1165 3963 1257 4026 Infin.
1282 3964 1443 4042 sequitur:
1478 3961 1530 4040 111,
1554 3961 1583 4038 3,
1607 3962 1627 4025 3
1650 3957 1825 4045 ἐςηγγέλθη
1849 4013 1855 4026 .
1880 4013 1886 4026 .
1911 3953 1957 4036 ιδς
1980 3961 2029 4046 είη
2049 3951 2170 4024 Ἀπόλ-

319 4066 420 4140 λωνος
445 4117 449 4128 .
476 4117 481 4128 .
505 4055 603 4150 ἐορτη
628 4115 633 4127 .
659 4115 665 4128 .
689 4063 741 4126 καί
765 4061 885 4128 ἐλπίδα
908 4055 999 4128 εἶναι.
1024 4065 1100 4129 Sim.
1126 4063 1203 4140 VIII,
1227 4063 1279 4141 83,
1294 4064 1323 4127 3.

575 4167 632 4246 itti)
655 4187 769 4230 causae
794 4168 882 4231 notio
915 4169 1000 4231 inest
1029 4167 1079 4243 17,
1102 4165 1193 4242 65,3
1224 4155 1302 4238 τοδς
1332 4162 1390 4245 μὲν
1413 4163 1497 4250 φυγῇ
1530 4158 1713 4248 ἐζημίωσαν
1737 4215 1742 4228 .
1769 4213 1787 4242 ,,
1818 4161 1874 4228 τόν
1901 4163 1938 4228 δὲ
1961 4214 1968 4228 .
1992 4213 1999 4231 .
2022 4156 2174 4250 χρήματα

319 4261 511 4353 ἐπράξαντο,
534 4261 580 4341 ὠς
603 4316 610 4330 .
634 4318 641 4331 .
665 4256 788 4352 δώροις
809 4265 1003 4341 πεισθέντες
1024 4256 1284 4354 άποχιορήσειαν.

474 4391 503 4462 ο)
526 4387 566 4449 in
595 4385 1061 4470 interrogationibus⁰⁰):

525 4489 558 4569 α)
580 4487 651 4553 Ιοσο
674 4489 853 4552 indicativi:

578 4593 633 4669 αα)
656 4596 720 4673 opt.
746 4613 863 4674 praesa
887 4591 940 4669 111,
965 4591 1036 4672 113,
1060 4592 1080 4655 3
1103 4591 1260 4674 (seqnitur
1282 4591 1393 4666 indic.)
1415 4586 1470 4652 καί
1490 4610 1542 4662 τις
1564 4577 1663 4652 αὐτόν
1694 4579 1801 4672 ἤρετο,
1839 4576 1892 4648 ὅτι
1914 4576 2095 4666 θαυμάζοι,
2117 4586 2174 4651 καί

321 4678 444 4752 ὁπόσοι
468 4677 573 4752 αὐτῶν
594 4689 760 4758 τεθνᾶσιν.
807 4691 857 4768 17,
881 4693 977 4770 30,4
1010 4689 1210 4770 πέμπουσι.
1238 4678 1388 4778 ,κήρυκα
1409 4679 1681 4775 προκαλούμενοι,
1705 4681 1735 4750 εἰ
1755 4675 1928 4768 βούλοιντο
1953 4740 1958 4752 .
1985 4741 1990 4753 .
2019 4677 2174 4752 κελεόειν.

475 4891 508 4960 ⁸⁰)
525 4889 565 4944 De
583 4890 634 4944 alio
653 4906 746 4960 genere
767 4892 972 4959 enuntiatorum,
991 4905 1058 4960 qune
1076 4891 1286 4961 interrogationis
1303 4891 1420 4958 speciem
1437 4890 1543 4956 hebent,
1562 4889 1594 4942 et.
1613 4888 1680 4942 infra
1698 4903 1754 4957 pag.
1774 4890 1806 4942 31
1826 4888 1905 4941 med.'
