4836 5782
1242 539 1285 603 24

1162 624 1304 639 ννννννννω
1308 627 1332 638 m·
1353 627 1363 638 a

330 714 478 798 τείχισις,
509 720 562 784 καὶ
593 717 622 785 εἰ
645 719 821 805 παρέλθοι
855 709 974 786 ταάτάν
998 714 1107 807 ijdp'
1090 718 1199 786 εποίει
1230 714 1342 799 αὐτοῖς
1377 724 1465 789 ιιιιᾶν
1488 749 1524 790 τε
1550 727 1755 807 μαχομένοις
1790 721 1848 795 διά
1871 723 1993 807 παντάς
2028 733 2081 797 καί
2108 733 2196 820 μηδὲ

334 811 505 902 μάχεσθαι

487 945 550 1024 bl'
543 967 577 1007 ιιι
613 944 845 1008 enuntiatis
881 945 1188 1010 cohaerentibus
1222 969 1306 1011 cum
1338 951 1546 1014 sententia
1579 951 1869 1018 condicionali
1906 956 2095 1038 optativo
2127 977 2195 1018 ex-

332 1067 485 1127 pressa.

324 1155 325 1160 ’
485 1147 546 1212 Ubi
570 1148 704 1211 alicuius
727 1148 879 1212 circuitus
901 1151 1062 1214 sententia
1087 1151 1240 1234 primaria
1260 1173 1362 1216 merae
1385 1155 1591 1236 cogitationis
1617 1157 1776 1219 notionem
1801 1159 1958 1236 continet,
1982 1182 2037 1224 eae
2061 1181 2190 1242 quoqne

330 1249 509 1314 sententiae
532 1271 614 1331 quae
636 1250 775 1330 aliquam
800 1253 978 1316 sententiae
1000 1255 1169 1335 primariae
1193 1253 1379 1335 particulam
1403 1257 1585 1320 accuratius
1606 1258 1880 1338 circumscribunt,
1914 1264 2064 1340 quoniam
2089 1284 2193 1344 aeque

331 1373 369 1416 ac
390 1349 447 1415 illa
469 1373 487 1414 a
511 1373 613 1414 rerum
648 1353 780 1416 veritate
812 1353 983 1428 (realitate)
1013 1355 1117 1418 aliena
1141 1361 1217 1418 sunt
1239 1361 1337 1436 atque
1361 1378 1401 1419 ex
1424 1379 1510 1421 mera
1533 1359 1668 1423 subiecti
1702 1363 1896 1441 cogitatione
1932 1365 2191 1444 proficiscuntur,

329 1475 431 1517 merae
454 1455 660 1535 cogitationis
682 1456 860 1534 optativum
886 1463 1063 1534 assumunt,
1090 1459 1174 1522 siout
1196 1459 1281 1540 apud
1305 1456 1522 1540 Thucydidem

535 1570 568 1652 α)
592 1573 761 1635 enuntiata
783 1574 872 1638 relat
850 1579 932 1638 t:rva

482 1674 534 1750 ΙΙΙ,
566 1674 596 1750 9,
633 1674 652 1735 2
687 1673 738 1755 (cf.
774 1696 843 1757 pag.
879 1676 934 1752 23)
967 1665 1024 1738 mix
1056 1667 1173 1750 άιίιιιος
1205 1668 1335 1762 αὕτη
1321 1699 1340 1736 n
1365 1667 1502 1756 άξίοισίς
1540 1675 1642 1754 ἐστιν,
1687 1673 1719 1741 εἰ
1735 1669 1878 1758 τάχοιεν
1909 1702 1994 1778 προς
2026 1671 2191 1767 άλλάλους

328 1767 365 1836 ol'
378 1794 414 1836 τε
437 1761 657 1858 ἀφιστάμενοι
680 1771 732 1837 καί
755 1764 817 1860 άφ’
830 1765 875 1838 ὦν
895 1773 1151 1858 διακρίνοιντο”
1137 1798 1229 1842 ισοι.
1254 1777 1321 1866 ,τιχ
1344 1769 1453 1862 χνιάμιχ
1477 1771 1567 1852 ὄντες
1588 1803 1641 1843 ιιαι
1633 1770 1778 1864 εάνοίιχ.
1803 1782 1853 1854 vl,
1869 1783 1907 1846 91
1914 1763 2183 1863 ,6βεβαιάτατα

328 1866 400 1938 δ’άν
420 1896 471 1950 τις
494 1867 579 1938 οὕτω
601 1866 679 1950 τοιῖς
700 1874 879 1958 πολεμίους
901 1869 1057 1958 βλάπτοι,
1084 1875 1123 1956 εἰ,
1146 1870 1168 1942 ά
1190 1872 1334 1960 μαλιστα
1357 1873 1513 1953 δεδιότας
1544 1871 1665 1954 crivotis
1695 1872 1903 1961 αἰσθάνοιτο,
1934 1908 2038 1949 ταυτα
2070 1887 2189 1973 σαφῶς

327 1967 614 2056 πυνθανόμενος’
597 1974 764 2084 επιιχιὲροι.

536 2098 570 2178 β)
594 2077 802 2178 interrogatio
825 2098 972 2178 obliqua:

483 2199 607 2276 v1‚34‚
631 2195 756 2264 ὃσδ’
780 2187 1159 2318 αιιτῴταχιιναιτοοιτι
1194 2189 1399 2282 άθροιοτέροι
1420 2195 1637 2283 ιιοιιιχιίσαντες
1662 2191 1890 2283 προςβάλοιεν,
1924 2198 2033 2284 εἰμεν
2056 2199 2188 2283 ιιιάπαις

327 2289 515 2386 χρήσοιντο,
538 2292 772 2380 ἕπιθοίχιεθ”
760 2293 800 2362 niv
823 2290 1023 2386 κεκμνκόσιν
1048 2323 1077 2363 ει
1069 2297 1136 2363 ’δὲ
1157 2291 1202 2384 μή
1227 2293 1396 2385 δοκοίιχ,’
1375 2319 1444 2363 εστι
1468 2299 1522 2364 καί
1546 2292 1760 2414 ὖποχωρνσαι
1793 2295 1868 2393 ἡμῖν
1899 2303 1931 2377 ἐς
1969 2298 2129 2418 Τάραντα,
2153 2307 2188 2374 οἱ

327 2400 394 2467 δὲ.
420 2394 470 2489 ἢ
494 2401 644 2519 χιὲνοντες
673 2393 954 2486 πολιορκοῖντο’
932 2393 1013 2488 ανῆ
1039 2395 1241 2484 πειρώμενοι
1263 2402 1448 2487 παραπλεῖν
1477 2391 1581 2516 τιχνιι
1614 2393 1713 2488 άλλιχν
1745 2423 1953 2490 angalramno
1982 2395 2185 2472 cinctionem

327 2495 366 2569 lla
387 2504 441 2570 καί
462 2497 504 2569 τά
519 2530 582 2569 των
597 2494 727 2569 πολεων
749 2495 807 2568 oria
829 2495 868 2568 liv
885 2502 925 2586 βλ
925 2499 1043 2584 βαια’
1029 2527 1165 2586 εχοντις,
1189 2527 1218 2568 ει
1210 2497 1468 2584 ’ὑποδέξοιιτπ
1491 2495 1672 2584 άθυμοῖενε
1697 2509 1722 2570 ai
1747 2509 1955 2590 interrogatio
1984 2515 2073 2573 extra
2097 2510 2184 2572 illius

330 2611 483 2675 circuitus
516 2610 754 2684 condicionaliS,
787 2609 841 2691 qui
875 2629 991 2671 meram
1027 2609 1241 2672 Hermocratis
1275 2609 1501 2688 cogitationem
1536 2609 1745 2672 subiectivam
1779 2612 1932 2686 continet,
1965 2611 2044 2673 fines
2076 2611 2183 2691 posita

331 2712 534 2777 essetetad
557 2733 660 2775 rernm
683 2711 849 2773 veritatem
874 2711 1054 2792 pertine1·,et
1077 2710 1188 2793 procul
1212 2711 1309 2774 dnbio
1332 2715 1473 2774 exstaret
1496 2731 1525 2773 ει
1517 2685 1773 2788 ὑποδέξονται.

483 2829 551 2910 c)
543 2852 583 2893 tn
616 2830 853 2911 interrogat
845 2849 933 2892 rone
963 2828 1155 2893 disiunct
1128 2836 1218 2893 t.rva

482 2931 532 3008 lV,
557 2930 607 3006 19,
634 2935 645 2991 1
683 2930 1004 2994 Lacedaemoniorum
1030 2930 1128 3012 legati
1152 2931 1190 2992 de
1218 2952 1296 3012 pace
1324 2952 1395 2994 cum
1422 2931 1673 2994 Atheniensibus
1700 2937 1833 3015 agentes
1861 2933 1986 2996 dicunt:
2017 2931 2186 2994 Amadoc-

326 3022 437 3112 μόνιοι
467 3029 503 3094 δὲ
520 3023 603 3111 ὑμᾶς
626 3030 866 3115 προκαλοῦνται
882 3028 915 3104 ἐς
931 3021 1077 3104 σπονδάς
1092 3028 1144 3092 κοιλ
1162 3021 1313 3093 διάλυσιν
1327 3027 1488 3110 πολέμου,
1505 3021 1654 3104 διδόντες
1669 3029 1727 3110 μὲν
1738 3023 1864 3118 εἰρήνην
1880 3030 1933 3095 καί
1950 3028 2149 3111 ξυμμαχίαν.
2165 3077 2184 3109 .,

327 3123 551 3222 άνταιτοῐιντες
574 3130 609 3194 δὲ
631 3123 712 3206 τούς
737 3131 770 3196 ἐκ
791 3131 849 3218 τῆς
871 3122 971 3216 eriora>
991 3123 1113 3212 ἄνδρας
1135 3129 1188 3194 καί
1216 3121 1349 3210 άμεινον
1373 3123 1548 3217 ἡγούμενοι,
1572 3121 1777 3216 ἀμφοτέροις
1801 3125 1847 3220 μιχ
1864 3124 2185 3210 διακινδυνεάεσθαι,

328 3235 394 3300 εἴτε
415 3231 474 3319 βίᾳ
498 3223 693 3318 διαφύγοιεν
714 3225 967 3319 παρατυχοάσιχς
988 3223 1079 3307 τινος
1101 3229 1264 3318 σωτηρίας
1288 3232 1353 3295 εἴτε
1375 3231 1428 3295 καὶ
1454 3226 1767 3319 ἐκπολιορκχιθέντες
1782 3235 1907 3316 μᾶλλον
1922 3225 1961 3297 dv
1975 3237 2182 3320 χειρωθεῖεν.

328 3328 380 3420 (tv
402 3338 533 3418 ponitur
556 3338 587 3400 in
611 3337 710 3400 altero
736 3337 885 3415 membro,
910 3337 986 3419 quia
1009 3335 1169 3416 praecedit
1192 3335 1394 3418 participium
1418 3330 1728 3421 ἐκπολιορκιχθίντες
1750 3371 1792 3396 =
1816 3332 1846 3400 εἰ
1867 3331 2180 3421 ἐκπολιορκηθεῖεν).

331 3441 492 3516 Quantum
519 3439 645 3501 intersit
667 3439 750 3502 inter
772 3439 855 3503 hanc
878 3443 1069 3501 structuram
1093 3443 1127 3500 et
1149 3437 1387 3502 coniunctivum
1413 3437 1656 3501 deliberativum
1689 3438 1741 3516 (cl.
1773 3461 1799 3502 e.
1824 3461 1868 3520 gr.
1900 3438 1964 3510 Vll,
1991 3427 2181 3513 1,1ε’βου-

327 3531 486 3604 λεύοντο.
514 3588 521 3603 .
545 3537 611 3602 εἴτε
635 3585 641 3600 .
667 3590 673 3603 .
696 3531 1001 3602 διακινδυνεύσωσιν
1039 3535 1215 3612 ἐςπλεῦσαι
1248 3535 1315 3601 εἴτε
1340 3589 1346 3602 .
1368 3587 1374 3600 .
1399 3588 1406 3600 .
1433 3528 1515 3600 κατά
1551 3535 1609 3621 γῆν
1640 3531 1801 3618 ἔλθωσι),
1836 3541 1867 3602 in
1909 3537 2077 3620 propatulo
2114 3541 2179 3600 eet:

326 3643 379 3707 hic
401 3643 484 3706 euim
514 3641 675 3722 significat
707 3642 784 3720 eins,
813 3643 868 3722 qui
892 3642 1055 3718 deliberat,
1090 3647 1227 3706 mentem
1257 3642 1288 3703 in
1320 3640 1492 3704 alterautra
1517 3662 1549 3702 ra
1577 3640 1617 3702 ad
1648 3640 1794 3728 effectum
1826 3637 2014 3703 adducenda
2042 3637 2178 3701 defixam

327 3766 406 3821 ease,
430 3747 541 3808 contra
563 3743 729 3826 optativus
752 3745 831 3808 duas
854 3744 949 3807 simul
973 3744 1186 3826 cogitationes
1210 3743 1239 3806 ei
1261 3743 1433 3825 obversari,
1457 3762 1593 3822 quarum
1616 3746 1689 3804 utra
1704 3741 1786 3803 effici
1804 3742 1915 3823 possit,
1939 3761 1996 3802 nec
2012 3741 2183 3821 respicitur

328 3867 431 3927 neque
454 3846 616 3927 cogitatur
636 3846 767 3909 omnino
791 3845 828 3906 tle
852 3867 883 3907 re
906 3845 1089 3908 allicienda:
1115 3866 1200 3907 mera
1222 3844 1376 3925 cogitatio
1400 3842 1580 3905 subiectiva
1603 3847 1661 3906 est.

975 4049 1006 4110 2.
1030 4049 1185 4110 actionem
1205 4047 1369 4130 repertum
1391 4047 1521 4111 indicat.

482 4173 560 4237 Cum
585 4173 777 4238 indicativus
801 4174 841 4239 ad
867 4195 960 4238 unam
986 4179 1102 4237 certam
1127 4173 1176 4237 vel
1199 4174 1343 4254 singulas
1366 4178 1469 4237 certas
1492 4195 1541 4237 ree
1563 4179 1672 4256 gestae
1688 4177 1820 4256 spectet,
1837 4176 2001 4258 optativus
2018 4172 2055 4236 ad
2076 4193 2178 4251 genus

326 4297 428 4340 rerum
466 4274 514 4338 vel
550 4277 712 4340 actionum
749 4275 990 4357 praeteritarum
1025 4275 1271 4356 significandum
1305 4282 1490 4358 usurpatur:
1525 4277 1651 4356 generis
1678 4259 1848 4340 *notionem
1885 4277 1967 4340 enim
2002 4273 2114 4338 Graeci
2143 4275 2175 4336 in

327 4399 433 4441 aarum
459 4399 589 4440 numero
614 4375 742 4454 habent,
767 4399 849 4459 quae
873 4377 904 4440 in
934 4397 1018 4440 mera
1046 4376 1242 4459 cogitatione
1275 4377 1399 4460 positae
1432 4383 1518 4454 sunt,
1554 4379 1640 4460 quod
1663 4401 1680 4442 e
1703 4399 1748 4458 gr.
1780 4379 1853 4442 inde
1876 4377 1988 4451 elucet,
2017 4376 2101 4458 quod
2135 4377 2175 4439 ad

327 4478 474 4560 neganda
495 4479 603 4542 omnia
626 4501 663 4542 ea
678 4479 846 4543 enuntiata
861 4478 1004 4554 relativa,
1027 4479 1059 4542 in
1083 4478 1201 4560 quibus
1224 4479 1348 4559 generis
1373 4480 1461 4542 notio
1485 4480 1577 4558 inest,
1599 4468 1644 4566 μή
1668 4479 1848 4556 adhibetur,
1873 4498 1936 4541 non
1962 4464 2050 4554 09²⁷)
2101 4477 2176 4558 (Ubi

326 4582 366 4645 de
387 4579 576 4661 repetitione
599 4580 703 4644 adhuc
724 4580 940 4662 exspectanda
962 4580 1077 4661 agitur,
1101 4570 1141 4640 άν
1162 4603 1188 4644 c.
1206 4581 1286 4644 coni.
1310 4581 1455 4664 usurpari
1479 4603 1575 4664 snpra
1598 4583 1756 4647 diximus:
1781 4578 1820 4646 cf.
1844 4601 1916 4663 pag.
1936 4580 1974 4643 11
1991 4583 2049 4662 sq.)
2075 4581 2177 4660 Repe·

326 4683 452 4746 titionis
474 4681 528 4746 ille
550 4681 714 4765 optativus
737 4681 904 4765 reperitur:

481 4914 514 4982 ¹²)
533 4916 566 4968 cl.
586 4915 687 4970 Btuml.
705 4915 722 4969 l.
741 4915 758 4968 l.
778 4931 835 4984 pag.
846 4915 989 4971 285-286.
