4836 5782
1191 503 1211 568 3

1094 585 1297 604 ΜΜνννννννυκΛ.

727 698 770 749 11.
805 698 855 749 De
872 699 1071 750 coniuncttvo
1089 700 1123 750 iu
1141 699 1313 752 enuntiatis
1329 700 1540 761 pendentibus
1557 703 1669 762 posito.

890 805 942 873 '1.
977 810 1026 874 De
1047 811 1245 876 οσιιύιιινολλυο
1267 811 1473 877 deliberativo.

423 919 673 984 Deliberativum
697 919 890 983 coniunctivi
913 941 1006 984 usum
1030 922 1155 1002 proprie
1177 922 1217 986 ed
1241 923 1372 1002 primam
1396 944 1563 1005 personam
1600 925 1758 1006 pertinere
1780 934 1922 1008 apparet.
1968 929 2125 1006 Quoniam

268 1045 343 1090 sero
367 1045 407 1088 ex
431 1021 661 1085 consuetudine
683 1020 836 1084 sermonis
858 1019 971 1084 Graeci
996 1027 1054 1100 est,
1077 1026 1218 1106 atquae
1241 1030 1401 1088 structura
1424 1026 1456 1088 in
1476 1025 1576 1090 libero
1593 1028 1762 1092 enuntiato
1780 1035 1839 1103 eat,
1864 1030 1973 1094 eadem
1997 1031 2029 1096 in
2048 1054 2125 1115 pen-

268 1126 360 1193 denti
384 1123 567 1200 retineatur,
592 1143 685 1204 saepe
707 1121 807 1185 altera
830 1122 990 1205 tertiaque
1013 1144 1147 1206 persona
1168 1126 1369 1207 reperiuntur
1391 1149 1430 1190 ex
1454 1127 1551 1192 verbo
1573 1128 1782 1209 praecedente
1805 1131 1991 1211 pendentes,
2014 1133 2070 1198 ubi
2090 1135 2124 1199 in

273 1225 524 1308 interrogatione
557 1229 644 1287 recta
674 1243 756 1304 quae
788 1228 921 1288 vocatur
943 1226 1045 1307 prima
1073 1248 1208 1309 persone
1236 1229 1383 1309 ponenda
1413 1229 1504 1294 toret.
1560 1229 1702 1312 Thucyd.
1737 1232 1895 1296 tertiam
1928 1235 2022 1298 modo
2045 1257 2125 1318 per-

267 1352 399 1399 sonam
422 1333 454 1392 et
475 1348 521 1408 eg.
545 1330 577 1390 et
599 1325 641 1408 pl.
665 1326 844 1407 usurpavit:
868 1327 901 1390 in
931 1329 1145 1392 enuntiato
1176 1329 1298 1394 libero
1327 1350 1449 1411 semper
1472 1334 1626 1413 tempus
1650 1331 1884 1397 historicum
1912 1335 2052 1414 positum
2076 1343 2126 1402 eet

273 1431 380 1517 (semel
403 1450 502 1512 praes.
527 1427 602 1492 hist.
625 1428 675 1501 ΙΙΙ,
700 1425 751 1505 28,
774 1427 823 1508 4);

421 1532 445 1609 Ι,
468 1531 557 1606 63,1
580 1517 764 1613 ἠπόρησε,
788 1520 978 1614 ὁποτέρωσε
1000 1520 1243 1619 διακινδυνεύση
1271 1521 1437 1618 χωρήσαςε
1466 1555 1549 1616 quae
1571 1535 1661 1598 codd.
1681 1535 1759 1612 Pal,
1774 1536 1824 1613 lt,
1843 1536 1935 1601 Laur.
1960 1537 2119 1621 scriptura

269 1637 421 1722 probatur
443 1633 484 1697 ab
507 1630 683 1696 editoribus
706 1635 839 1712 excepto
862 1631 1036 1710 Glaesaria,
1060 1636 1116 1716 qui
1137 1635 1207 1700 Vat.
1232 1639 1362 1700 secutus
1385 1623 1646 1698 διακινδυνεύσαι
1670 1638 1791 1718 posuit:
1816 1637 1898 1720 hanc
1921 1639 2122 1722 scripturam,

269 1757 476 1824 quamquam,
507 1735 535 1798 si
558 1732 700 1798 codicum
734 1754 889 1798 consensu
920 1735 1107 1814 traderetur,
1140 1736 1305 1819 probanda
1333 1743 1427 1815 esset,
1462 1759 1526 1802 uno
1548 1738 1657 1801 codice
1679 1739 1787 1802 nixam
1811 1739 1897 1822 quod
1920 1741 2119 1822 recipiamus,

268 1864 334 1908 non
357 1843 423 1905 est:
448 1857 520 1901 nam
537 1835 694 1912 omnibus,
717 1836 774 1916 qui
795 1835 878 1900 infra
900 1837 1081 1916 afferentur,
1103 1839 1182 1903 locis
1200 1837 1340 1920 Tlrrrcyd.
1362 1839 1566 1903 coniunctivo
1590 1839 1799 1906 deliberativo
1821 1845 1896 1924 poet
1916 1843 2121 1924 praeteritum

269 1965 349 2009 usus
372 1944 429 2006 est.
475 1939 599 2020 Reliqui
630 1938 719 2002 codd.
744 1938 898 2019 praebent
932 1928 1198 2003 όιαιινδυνεύσει.
1243 1941 1356 2006 Utrum
1381 1941 1444 2004 ind.
1470 1941 1528 2004 lut.
1558 1963 1599 2006 en
1622 1943 1704 2006 coni.
1728 1963 1792 2005 aor.
1825 1943 2050 2025 praeferendus
2072 1945 2125 2024 sit,

270 2043 412 2109 dubitari
436 2045 547 2123 potest.
593 2039 674 2103 Nem
696 2043 728 2103 et
752 2041 976 2105 coniunctivae
998 2043 1083 2124 apud
1106 2041 1245 2124 Thucyd.
1270 2065 1289 2106 a
1313 2044 1407 2108 verbo
1438 2031 1575 2127 ἀπορεῖν
1599 2044 1716 2126 pendet
1745 2043 1769 2122 l,
1795 2044 1865 2123 107,
1890 2043 1910 2108 6
1932 2039 2124 2123 νομίσαντες

277 2142 313 2207 δὲ
335 2132 480 2227 ἀπορεῖν,
505 2131 571 2227 ὅπη
595 2138 784 2216 oretanae,
809 2131 1069 2226 ἐπεστράτευσαν
1090 2131 1211 2218 αὐτοῖς.
1249 2145 1298 2224 lV,
1325 2145 1373 2222 13,
1397 2143 1417 2208 3
1440 2131 1676 2230 decoquentes,
1700 2136 1768 2231 ὅπη
1791 2141 2062 2232 καθορμλσωντοι
2085 2197 2091 2211 .
2118 2198 2124 2212 .

271 2239 438 2321 ἔπλευσαν,
462 2247 494 2308 et
517 2244 581 2307 ind.
606 2244 664 2308 fut.
687 2243 740 2322 ΠΙ,
767 2243 836 2324 109,
862 2249 877 2307 1
903 2233 1039 2328 α’πορῶν
1063 2296 1087 2310 ..
1113 2237 1181 2328 ὅτῳ
1201 2237 1318 2329 τρόπῳ
1339 2235 1359 2331 ἢ
1381 2242 1485 2324 μένων
1506 2234 1764 2332 πολιορκήσασι
1780 2294 1806 2309 ..
1829 2237 1850 2333 ἢ
1873 2245 1928 2310 καὶ
1949 2236 2126 2334 ἇναχωρῶν

271 2339 531 2431 διασωθήσεται.
576 2345 654 2424 VlIl,
678 2346 729 2424 80,
756 2349 771 2410 1
796 2334 1023 2433 ἀπορήσαντος
1046 2336 1175 2412 ὁπόθεν
1195 2337 1372 2421 τοσαύταις
1403 2345 1497 2410 ναυσὶ
1519 2335 1668 2434 χρήματα
1687 2343 1829 2426 ἐξουσινε
1866 2372 1969 2434 neque
1991 2353 2123 2417 omnino

270 2450 371 2515 ullum
394 2451 458 2514 iere
481 2449 648 2513 discrimen
673 2449 755 2513 inter
776 2449 842 2514 ind.
866 2450 924 2514 fut.
948 2455 981 2514 et
1003 2451 1243 2516 coniunctivnm
1267 2451 1300 2514 in
1324 2450 1506 2515 huiusmodi
1529 2452 1838 2533 interrogationibus
1861 2452 2080 2518 deliberativis
2102 2477 2123 2520 u

267 2552 480 2639 scriptoribus
503 2550 633 2617 Graecis
656 2551 781 2615 videtur
803 2551 922 2616 iactum
938 2575 1017 2632 esee,
1040 2553 1190 2634 quoniam
1214 2575 1308 2636 saepe
1324 2552 1408 2616 inter
1422 2575 1456 2616 se
1480 2557 1645 2618 mutantur
1659 2553 1692 2632 ⁵).
1706 2591 1748 2602 -
1770 2553 1807 2636 ΙΙ,
1820 2555 1883 2634 4,6
1899 2556 2123 2621 coniunctivae

264 2662 350 2724 recte
372 2657 414 2722 ab
437 2655 614 2720 editoribus
636 2652 818 2717 exhibetur:
853 2645 1128 2734 ἐβουλεύοντο
1152 2653 1217 2718 εἴτε
1240 2643 1485 2718 κατακαύσωσιν
1508 2705 1513 2718 .
1538 2701 1545 2716 .
1571 2653 1637 2718 εἴτε
1659 2676 1692 2718 τι
1714 2646 1796 2718 ἄλλο
1819 2645 2016 2741 χρησωιταιι
2049 2681 2123 2723 nem

268 2758 486 2824 emelioribus
508 2755 597 2820 codd.
621 2777 705 2818 unus
728 2753 815 2818 Cass.
840 2757 970 2837 praebet
991 2745 1249 2819 κατακαύσουσιν
1272 2761 1305 2820 et
1325 2745 1512 2841 χρήσονται,
1535 2779 1646 2822 omnes
1669 2760 1765 2822 ceteri
1789 2761 2045 2824 coniunctivum:
2069 2782 2123 2826 ac·

268 2861 353 2926 cedit
368 2859 453 2943 quod
470 2879 600 2940 prorsus·
613 2857 722 2920 eadem
746 2861 907 2922 structura
928 2859 1055 2940 legitur,
1081 2859 1143 2931 VII,
1157 2860 1215 2936 1‚1
1242 2850 1459 2939 ἐβουλεύοντο,
1477 2859 1543 2922 εἴτε
1564 2909 1592 2924 ..
1616 2849 1924 2924 διακινδυνεύσωσιν
1946 2857 2123 2934 ἐςπλεῦσσι

268 2961 335 3025 εἴτε
359 3012 366 3025 .
391 3011 397 3024 .
421 2949 502 3022 nord
524 2957 582 3043 γῆν
604 2951 755 3022 ἔλθωσιν.
794 2994 826 3004 -
863 2960 900 3038 ll,
924 2961 976 3040 52,
1000 2961 1020 3024 3
1044 2949 1111 3022 οὐκ
1134 2953 1294 3039 ἔχοντες
1317 2952 1370 3025 ότι
1392 2958 1545 3043 γένωνται
1568 2960 1650 3041 (ilat.
1673 2964 1711 3026 lt.
1737 2965 1773 3026 H.
1799 2965 1877 3045 Reg.
1900 2960 2056 3045 χένοιντοε
2082 2964 2123 3028 ct.

270 3085 351 3146 quae
369 3063 408 3126 ad
424 3063 449 3138 Ι,
460 3061 538 3137 63,]
561 3061 713 3138 diximus)
736 3055 770 3133 ἐς
792 3048 966 3144 ὀλιγωρίαν
988 3051 1177 3145 ἐτράποντο.
1215 3063 1264 3140 lV,
1289 3063 1341 3141 28,
1364 3065 1384 3126 4
1416 3052 1474 3125 οὐκ
1497 3055 1577 3141 ε”χων
1600 3055 1693 3136 ὅπως
1713 3063 1778 3126 τῶν
1801 3060 1975 3150 εἰρημένων
1998 3057 2048 3129 ἔτι
2070 3063 2121 3144 ἐξ-

273 3161 453 3248 απαλλοχῇ,
476 3154 652 3248 ὑφίσταται
674 3150 731 3223 τόν
753 3159 865 3224 πλοῖν.
909 3163 960 3238 32,
984 3163 1004 3226 3
1027 3161 1200 3248 διέστησαν
1224 3213 1249 3227 ..
1273 3154 1313 3226 τό
1337 3152 1568 3248 μετεωρότατα
1591 3154 1757 3243 λαβόντες,
1778 3157 1871 3240 ὅπως
1895 3217 1926 3232 ..
1949 3157 1997 3252 μη
2020 3160 2120 3246 ἐχωσι

271 3256 359 3350 πρός
381 3257 434 3328 ὅτι
450 3253 688 3342 ἇντιτόξωνιαι.
723 3263 758 3341 V,
769 3263 843 3327 655
867 3253 925 3326 οόκ
947 3255 1035 3343 ελχον
1057 3256 1111 3328 ὅτι
1134 3255 1316 3330 εἰκάσωσιν.
1333 3303 1374 3330 τ-
1396 3267 1568 3346 111‚112‚6
1589 3264 1710 3329 τῶνδὲ
1734 3312 1760 3330 ..
1783 3256 2043 3354 ἆνεπιστημό
2051 3291 2123 3332 νων

268 3373 324 3444 (sc.
340 3359 452 3449 ὄντων)
476 3361 542 3452 ὅπη
565 3357 764 3448 τράπωνται,
781 3417 787 3430 .
806 3415 838 3430 ..
862 3363 1107 3452 διεφθείροντο.
1141 3368 1190 3444 Vl,
1206 3368 1289 3446 25,1
1314 3360 1377 3452 ἐφη
1400 3366 1515 3454 χρῆναι
1533 3417 1564 3432 ..
1588 3365 1701 3450 λέγειν,
1725 3360 1836 3452 ἥντινα
1859 3415 1890 3434 ..
1914 3362 2121 3456 παρασκευην

262 3457 438 3554 Ἀθηναῖοι
460 3465 690 3555 ψηφίσωνταιε
717 3468 769 3532 hic
793 3488 985 3550 quamquam
1010 3471 1099 3534 codd.
1124 3470 1190 3534 Pal.
1209 3470 1290 3553 Aug.
1315 3470 1402 3534 Cass.
1419 3471 1456 3534 al.
1482 3466 1689 3556 ψηφλσονται
1711 3471 1876 3553 praebent,
1898 3474 2122 3538 coniunctivus

268 3573 469 3654 aPoppone,
492 3572 644 3654 Kriigero,
669 3571 845 3647 Classenio,
870 3569 1013 3649 Bohmio,
1037 3570 1162 3636 Stahlio
1186 3595 1202 3635 e
1226 3572 1354 3654 reliquis
1378 3572 1468 3635 codd.
1493 3571 1576 3653 (vat.
1601 3571 1693 3635 Laut.
1718 3572 1789 3635 Bae.
1813 3572 1868 3648 al.)
1892 3579 2037 3654 receptus
2060 3581 2120 3652 est,

271 3675 354 3756 quod
385 3674 436 3738 hic
465 3674 641 3738 voluntatis
672 3673 865 3754 significatio
898 3696 994 3737 sensu
1026 3673 1239 3756 efflagitatur:
1273 3696 1346 3736 narn
1382 3674 1414 3736 in
1439 3673 1691 3754 interrogatione
1722 3673 1843 3737 directa
1875 3675 1984 3756 procul
2022 3675 2120 3740 dubio

266 3775 421 3840 diceretur
443 3770 515 3836 τλνα
537 3763 743 3859 παρασκευήν
764 3763 1025 3860 ψηφισώμεθα,

421 3877 467 3939 De
489 3879 633 3958 optativo
656 3876 754 3940 semel
777 3875 846 3940 loco
869 3879 1029 3941 coniunct.
1054 3878 1148 3942 delib.
1174 3877 1278 3959 posito
1301 3875 1342 3940 cf.
1358 3897 1435 3956 cap.
1460 3875 1488 3938 ll
1513 3875 1548 3950 Β,
1571 3875 1595 3950 Ι,
1618 3875 1649 3949 4,
1673 3897 1699 3953 c,
1721 3879 1752 3954 β.

722 4058 753 4120 2.
788 4056 836 4120 De
857 4056 1059 4120 coniunctim
1080 4055 1116 4118 τίι
1139 4055 1315 4118 meamne
1336 4053 1491 4136 sinchius
1512 4053 1660 4118 aarum

420 4160 652 4227 Coniunctivus
674 4185 745 4228 cnm
769 4166 889 4230 indicet
911 4167 1051 4229 animum
1074 4168 1107 4229 in
1123 4187 1156 4228 re
1179 4165 1218 4228 ad
1242 4163 1387 4229 effectum
1412 4163 1600 4226 adducenda
1624 4171 1825 4246 occupatum,
1849 4163 2036 4246 aptissimus
2057 4167 2117 4242 est,

265 4267 322 4348 qui
343 4265 535 4329 adhibeatur
557 4264 589 4326 in
615 4265 653 4328 iis
677 4268 862 4346 enuntiatis,
901 4290 983 4350 quae
1006 4267 1173 4331 consilium
1205 4265 1368 4348 loquentis
1399 4265 1563 4346 agentisve
1597 4265 1790 4346 exprimunt.
1835 4265 2018 4347 Antequam
2042 4287 2119 4330 con·

264 4367 486 4432 iunctionibue
516 4366 565 4432 uti
586 4389 778 4432 consuevere
807 4370 930 4446 Graeci,
964 4371 1027 4434 duo
1049 4369 1149 4434 libera
1172 4368 1348 4446 enuntiata,
1383 4387 1516 4447 quorum
1546 4365 1680 4430 alterurn
1710 4369 1792 4432 coni.
1817 4365 1890 4432 adh.
1914 4368 2111 4448 continebat,

263 4468 357 4531 iuxta
372 4469 586 4549 ponebantur:
614 4469 753 4552 atquae
777 4471 861 4554 apud
878 4471 968 4535 Hom.
992 4475 1163 4552 supersunt
1185 4468 1338 4550 reliquiae
1358 4468 1393 4532 ll.
1407 4467 1456 4545 Vl,
1472 4468 1537 4532 340
1558 4455 1628 4530 ἀλλ’
1647 4457 1707 4550 tyr
1728 4467 1783 4532 νῦν
1804 4465 1980 4548 ἐπίμεινον,
2000 4457 2119 4557 Ἀρήιοι

260 4559 380 4648 τεύχεα
395 4557 474 4631 δύω.
511 4571 545 4635 ll.
561 4571 660 4646 Xllll,
676 4573 826 4636 416-18
847 4562 955 4650 μὀλσν
976 4564 1095 4636 ἐάσατε
1111 4619 1142 4636 ..
1166 4559 1344 4651 ἐξελθόντα
1366 4561 1494 4654 πόληος
1515 4566 1621 4633 ἱκέσθ’
1644 4567 1701 4634 ἐπὶ
1723 4569 1800 4656 νῆας
1813 4560 1962 4652 Ἀχαιῶν,
1978 4567 2116 4651 λλσσωμ’

263 4657 362 4756 οἶνέρα
384 4667 508 4734 τοῦτον.
555 4671 671 4738 lledem
701 4680 750 4738 eet
773 4674 854 4738 ratio
886 4695 994 4737 eorum
1019 4675 1256 4739 enuntiatorum
1289 4673 1443 4750 finalium,
1476 4693 1559 4754 quae
1589 4662 1674 4756 εμὴ
1700 4695 1777 4738 roco
1806 4675 1966 4758 incipiunt
1982 4673 2018 4755 ⁸):
2043 4697 2116 4740 curn

415 4821 437 4890 ν)
456 4819 494 4876 σι.
513 4822 546 4876 n
565 4823 615 4877 neo
633 4839 661 4877 a
679 4823 780 4878 nrum.
799 4823 816 4876 1.
834 4823 853 4877 1.
872 4839 897 4891 p.
918 4823 967 4878 ros
985 4839 1023 4892 sq.
1060 4825 1136 4880 men
1155 4823 1172 4879 r.
1190 4823 1207 4878 r
1226 4826 1242 4892 s
1258 4823 1301 4877 ω.
1336 4822 1447 4892 angon
1465 4839 1502 4892 gr.
1521 4823 1537 4890 s
1554 4822 1597 4890 ss,
1616 4821 1639 4888 τ,
1658 4837 1720 4876 mn.
1739 4821 1764 4875 2.

417 4906 439 4966 ‘l
458 4906 496 4960 Oi.
514 4905 648 4962 Delbrirok
664 4907 682 4962 l.
701 4909 718 4962 l.
735 4925 760 4977 p.
779 4909 810 4962 21
832 4925 871 4978 eq.
982 4923 984 4928 ·
1810 4976 1860 5040 l*
