4836 5782
1051 535 1255 634 Aa..

378 723 517 805 Reliqua
539 717 569 785 εἰ
591 743 617 785 c.
641 727 706 804 opt.
730 744 831 805 praes.
856 723 905 786 vel
928 742 992 785 aur.
1017 721 1050 784 in
1075 722 1254 785 enuntiatis
1285 741 1358 783 vere
1386 720 1661 784 condicionalibus
1690 720 1759 784 loco
1787 710 1844 782 e'u'v
1871 742 1896 783 c.
1922 721 2082 785 coniunct.

227 828 361 896 adhibiti
385 826 532 906 exempla
554 830 645 887 sunt:
670 824 694 899 I,
717 823 768 898 27,
793 823 822 885 2.
849 824 919 898 107,
943 823 972 887 3.
997 821 1035 899 Π,
1058 822 1090 898 5,
1117 823 1131 884 1
1157 826 1189 885 et
1210 823 1240 885 4.
1263 821 1316 896 67,
1342 823 1369 883 1.
1394 821 1445 898 76,
1468 821 1498 885 3.
1523 821 1574 896 81,
1598 821 1627 886 2.
1651 821 1703 900 83,
1726 821 1755 884 5.
1779 821 1831 900 90,
1854 821 1884 884 2.
1916 821 1968 900 III,
1992 822 2024 895 4,
2050 821 2082 884 2.

226 932 255 1009 5,
277 931 307 994 3.
330 930 383 1005 21,
410 930 436 990 1.
460 925 513 1002 22,
537 927 565 989 7.
588 925 640 1002 49,
664 925 692 988 3.
717 924 770 1000 52,
793 925 821 987 2.
846 925 898 1002 96,
922 924 952 986 2.
975 923 1026 997 IV,
1050 923 1100 999 29,
1125 923 1154 986 4.
1180 922 1230 1000 32,
1254 922 1284 986 3.
1310 922 1361 999 37,
1384 923 1413 984 2.
1439 921 1489 996 38,
1516 926 1543 986 1.
1569 922 1620 998 70,
1637 923 1666 986 2.
1691 923 1746 1000 93,
1762 922 1791 988 2.
1817 922 1934 999 105,1.
1962 921 2033 1000 120,
2050 921 2079 986 2.

227 1031 298 1110 125,
322 1031 352 1095 3.
375 1030 413 1108 V,
437 1027 487 1106 37,
510 1026 539 1090 2.
564 1026 615 1103 58,
639 1027 668 1089 4.
694 1026 741 1102 VI,
770 1033 794 1092 l.
820 1028 846 1088 1.
871 1026 900 1103 8,
923 1027 953 1091 3.
977 1025 1030 1102 29,
1055 1027 1082 1088 1.
1106 1025 1158 1096 57,
1182 1023 1210 1091 3.
1236 1024 1289 1097 90,
1313 1023 1333 1086 2
1356 1029 1389 1087 et
1410 1022 1440 1088 3.
1465 1024 1517 1098 96,
1538 1023 1564 1085 l.
1588 1023 1887 1103 99,21)ἰε.100,1.
1911 1024 1975 1103 VII,
2000 1025 2080 1101 4,1.

227 1134 280 1207 38,
304 1133 335 1198 3.
359 1132 412 1207 46,
437 1133 464 1194 1.
486 1130 535 1208 56,
563 1132 589 1193 1.
613 1129 665 1204 66,
690 1128 719 1191 2.
743 1127 823 1204 VIII,
844 1128 876 1204 6,
900 1129 928 1190 1.
954 1128 1004 1203 14,
1027 1126 1058 1190 3.
1081 1124 1133 1202 23,
1157 1125 1186 1188 2.
1210 1124 1262 1202 52,
1289 1127 1314 1188 1.
1340 1125 1392 1202 81,
1418 1127 1445 1187 1.
1472 1124 1543 1202 100,
1572 1126 1601 1190 3.
1628 1125 1699 1204 104,
1722 1127 1752 1188 4.

385 1225 415 1293 εἰ
437 1252 460 1294 c.
484 1235 548 1312 opt.
572 1235 605 1294 et
627 1219 665 1314 ἥν
687 1251 712 1293 o.
737 1230 896 1295 conluuct.
929 1232 1011 1296 inter
1033 1251 1067 1294 se
1099 1233 1265 1293 mutantur
1288 1251 1312 1293 ε.
1335 1251 1395 1310 gn:
1427 1228 1477 1305 VI,
1500 1228 1552 1303 96,
1578 1229 1598 1297 1Ι
1631 1222 1831 1305 νομίσαντες,
1858 1216 1914 1290 εὀἷν
1938 1216 1984 1312 μή
2020 1222 2084 1288 τῶν

233 1329 411 1396 Ἐπιπολῶν
437 1321 639 1414 κρατήσωσιν
666 1325 698 1393 οὶ
717 1317 889 1415 Ἀθηναῖοι
913 1317 971 1392 οόκ
992 1319 1032 1392 όν
1058 1325 1184 1414 ῥᾳδίως
1206 1328 1303 1415 σφᾶς,
1336 1318 1406 1392 οὐδ’
1430 1324 1461 1392 εἰ
1481 1330 1650 1411 κροτοῖντο
1671 1316 1769 1414 μάχῃ,
1793 1317 2082 1412 ἀποτειχισθῆναι.

235 1435 295 1510 VII,
308 1435 370 1514 4,4
391 1427 421 1496 εἰ
440 1429 637 1518 τειχισθείη,
661 1431 743 1516 ῥᾷον
764 1421 853 1516 αὐτῷ
877 1429 1028 1518 ἐφαίνετο
1051 1421 1238 1517 ἦέςκσμιδὴ
1259 1430 1319 1494 τῶν
1345 1427 1540 1516 ἐπιτηδείων
1562 1421 1711 1494 ἔσεσθαι·
1736 1426 1771 1493 δί
1785 1421 1961 1506 ἐλάσσονος
1980 1419 2085 1515 γόρ..

236 1524 429 1621 δφορμὴσειν
455 1532 553 1618 σφᾶς,
583 1532 638 1598 καὶ
669 1524 728 1614 οὐχ
758 1526 868 1618 ὥςπερ
895 1531 948 1597 νῦν
976 1531 1011 1598 εἰι
1040 1531 1146 1613 μυχοῦ
1172 1531 1233 1598 τοῦ
1260 1531 1389 1614 λιμένος
1417 1524 1477 1606 τός
1505 1522 1714 1615 ἐπαναμωμός
1744 1521 1961 1618 ποιήσεσθαι,
1993 1521 2030 1616 ἦν
2051 1553 2084 1594 τι

234 1635 363 1718 ναυτικῷ
384 1633 544 1702 κινῶνται.

383 1739 418 1802 In
443 1745 585 1802 extrema
608 1738 668 1802 hac
691 1737 849 1821 particula
872 1759 909 1801 ea
932 1757 1059 1820 quoque
1083 1734 1229 1817 exempla
1262 1756 1492 1812 enumeremus,
1516 1735 1571 1799 ubi
1596 1730 1627 1798 εἰ
1649 1758 1674 1800 c.
1698 1741 1763 1819 opt.
1787 1737 1858 1801 loco
1881 1724 1936 1799 ἐόν
1957 1758 1984 1804 e.
2008 1759 2085 1804 con-

231 1840 326 1903 iunct.
356 1874 389 1884 —
419 1860 500 1921 quae
524 1843 684 1903 structura
707 1860 864 1920 nusquam
888 1843 994 1902 tamen
1019 1838 1080 1909 hac
1103 1838 1133 1900 vi
1151 1837 1294 1918 praedita
1309 1839 1464 1918 reperitur
1487 1837 1573 1919 apud
1597 1837 1736 1920 Thucyd.
1756 1873 1793 1884 -
1811 1843 1886 1921 post
1900 1841 2080 1918 enuntiata,

227 1941 259 2005 in
291 1941 411 2023 quibus
443 1940 553 2022 aliqua
581 1943 728 2006 tentandi
759 1941 807 2004 vis
838 1942 934 2020 inest,
967 1943 1141 2022 usurpatur
1172 1939 1218 2002 ita
1248 1943 1285 2003 ut
1313 1939 1501 2004 vernaculae
1530 1939 1660 2020 linguae
1696 1939 1783 2022 ,ο5“Ι
1818 1941 1847 2004 ei
1880 1942 2081 2023 respondeat,

234 2043 317 2126 quod
341 2043 584 2107 enuntiatorum
608 2064 708 2126 genos
731 2049 805 2127 apte
829 2043 929 2106 Alcen.
954 2042 1009 2106 11
1027 2063 1056 2125 p.
1074 2041 1137 2106 219
1161 2045 1255 2106 vocat
1279 2040 1570 2123 ,nebensatze
1593 2041 1665 2104 der
1687 2040 1929 2123 tragenden
1952 2041 2084 2108 haud-

230 2143 413 2228 lungffl).
460 2145 708 2228 Nonnumquam
732 2146 863 2210 verbum
892 2140 1012 2227 πειρᾶν
1041 2143 1223 2208 velsimile
1249 2142 1409 2206 adiectum
1440 2147 1499 2220 est,
1532 2143 1615 2208 sicut
1644 2141 1683 2219 II,
1715 2143 1768 2219 77,
1792 2143 1812 2207 2
1834 2135 1945 2224 ε”δοξεν
1967 2133 2083 2222 αὐτοῖς

234 2239 399 2332 πειρᾶσαι,
424 2241 454 2310 εἰ
476 2238 626 2309 δόναιντο
644 2298 651 2312 .
670 2298 675 2310 .
693 2243 876 2332 ἐπιφλέξαι.
908 2246 954 2310 ib.
985 2242 1116 2309 πᾶσαν.
1133 2296 1140 2309 .
1157 2238 1247 2308 ι’δὲαν
1277 2230 1441 2319 ἐπενόουν,
1475 2241 1507 2306 εί
1525 2263 1618 2317 πως.
1638 2295 1643 2308 .
1660 2241 1876 2332 προςαχθείη.
1921 2246 1973 2325 III,
1996 2248 2085 2327 86,4

235 2341 382 2434 ἔπεμψαν
399 2397 406 2412 .
423 2337 633 2431 ,πρόπειραν
649 2400 655 2412 .
672 2396 679 2413 .
694 2336 902 2429 ποιοόμενοι,
926 2342 957 2411 εἰ
973 2343 1071 2432 σφίσι
1093 2335 1214 2409 δυνατοί
1237 2344 1295 2431 εἴη.
1340 2345 1391 2418 lv.
1411 2345 1494 2426 23,2
1517 2343 1713 2420 σκοποῦντες
1727 2337 1851 2431 καιρόν,
1868 2345 1964 2422 εἴτις
1977 2369 2085 2433 παρα-

233 2447 337 2514 πέσοι.
383 2449 432 2529 VI,
457 2451 546 2530 59,2
577 2440 663 2535 πρός
684 2440 725 2514 τό
748 2442 809 2529 ἔξω
827 2501 857 2513 ..
882 2447 1104 2524 διεσκοπεῒτο,
1128 2445 1161 2510 εί
1179 2451 1288 2510 ποθεν
1310 2435 1497 2531 όσφοίλειόν
1517 2469 1589 2510 τινα
1620 2436 1719 2534 ὁρῴη.
1764 2448 1842 2529 VIII,
1865 2450 1952 2528 56,1
1984 2438 2084 2536 eriuv-

232 2543 412 2636 λεπτότερα
433 2541 495 2634 γαρ
510 2537 622 2624 αότοῖς
645 2548 794 2634 ἐγίγνετο,
818 2551 851 2613 εί
870 2571 932 2613 ποι
955 2537 1098 2634 α’παίροι
1119 2545 1159 2611 τό
1184 2547 1249 2612 ruia
1271 2545 1545 2630 Πελοποννησίων
1566 2541 1723 2614 ναυτικόν.

386 2653 515 2716 Praeter
537 2674 601 2732 eos,
624 2655 679 2737 qui
702 2654 785 2717 inter
808 2653 867 2716 hos
885 2654 947 2716 iam
972 2653 1062 2716 allati
1084 2654 1172 2728 sunt,
1193 2652 1280 2716 locos
1302 2652 1437 2734 slmplex
1462 2646 1492 2714 εἰ
1513 2653 1560 2717 ita
1582 2653 1743 2718 invenitur
1765 2653 1804 2733 Il,
1821 2653 1885 2732 8,4
1906 2644 2031 2740 ἔρρωτό
2047 2675 2085 2718 τε

234 2751 298 2826 πᾶς
323 2801 368 2832 ..,
393 2752 426 2816 εί
445 2777 476 2818 τι
499 2743 632 2818 διἰναιτο
656 2803 688 2816 ..
713 2742 1004 2832 ξιοεπιλομβοίνειν
1025 2739 1146 2825 αὐτοῖς.
1200 2752 1249 2828 VI,
1274 2751 1325 2831 88,
1348 2754 1369 2816 6
1400 2745 1555 2839 ε”πεμψαν
1574 2803 1604 2817 ..
1629 2749 1662 2826 ἐς
1685 2744 1882 2840 Καρχηδόνα
1907 2743 2047 2842 τριήρη.
2067 2805 2085 2835 .,

240 2847 268 2914 εἰ
289 2841 436 2916 δόναιντό
459 2877 491 2917 τι
515 2843 732 2938 ὠφελεῖσθαι.

385 2947 450 3036 ἄρα
472 2957 615 3021 additur:
639 2957 675 3030 ll,
703 2956 751 3034 12,
778 2959 790 3019 1
820 2943 1045 3040 Μελὴσιππον
1077 2943 1335 3031 όποστὲλλει..,
1359 2954 1391 3017 εί
1408 2978 1443 3018 τι
1465 2947 1531 3039 όρα
1562 2952 1689 3019 ἐνδοῖεν
1718 2952 1750 3018 οἱ
1774 2943 1956 3042 Ἀθηναῖοι.
2002 2957 2084 3036 VIII,

242 3056 309 3132 100,
331 3057 351 3118 2
372 3047 537 3130 σκοποδς.
557 3046 800 3142 ,κατεστήσατο
820 3108 825 3120 .
843 3103 862 3134 .,
886 3055 918 3119 εί
938 3047 1003 3139 dou
1026 3077 1087 3119 ποι
1110 3060 1247 3120 κινοῑντο
1271 3052 1305 3120 αἱ
1326 3055 1408 3140 νῆες.

389 3157 520 3240 Saepius
544 3159 576 3222 εί
595 3181 666 3233 πως
689 3164 878 3241 usurpatur:
912 3157 937 3236 I,
959 3158 1010 3236 58,
1045 3161 1072 3221 1.
1098 3157 1136 3235 ll,
1160 3157 1211 3236 67,
1237 3161 1263 3220 1.
1288 3158 1339 3235 77,
1362 3161 1392 3220 2.
1425 3156 1478 3233 III,
1501 3159 1531 3236 4,
1555 3159 1587 3220 4.
1619 3158 1672 3235 45,
1695 3158 1715 3222 3
1738 3155 1985 3242 (προςτιθέντες
2016 3159 2085 3224 νίοε

241 3257 357 3339 impert.
383 3262 519 3340 positum
545 3263 617 3342 est).
640 3261 690 3338 lv,
716 3262 765 3337 ιι,
789 3261 817 3324 3.
843 3260 894 3337 av,
913 3262 942 3322 1.
966 3259 1016 3323 aa.
1046 3261 1115 3338 ror,
1133 3261 1162 3323 a.
1186 3261 1222 3338 v,
1241 3261 1272 3338 4,
1288 3261 1317 3322 a.
1334 3258 1386 3337 av,
1403 3259 1433 3322 2.
1450 3259 1501 3334 vr,
1518 3259 1569 3339 vo,
1585 3259 1614 3324 3.
1631 3259 1696 3339 vu,
1713 3261 1763 3338 τε,
1780 3259 1800 3324 5
1815 3261 1870 3322 fin.
1887 3259 1966 3340 vrrr,
1982 3260 2034 3338 42,
2054 3263 2083 3324 1.

736 3439 779 3491 Π.
797 3441 845 3492 De
863 3443 1006 3502 optativo
1024 3453 1096 3493 oum
1114 3421 1154 3493 dv
1175 3443 1332 3502 particula
1350 3444 1526 3494 coniuncto.
1537 3438 1569 3506 ³⁵)

387 3547 466 3612 Cum
490 3548 653 3631 optativus
676 3547 834 3629 significet
856 3571 921 3612 rem
945 3551 1088 3614 in⁴mera
1104 3551 1300 3632 cogitatione
1326 3553 1430 3626 sitem,
1454 3541 1494 3612 όν
1516 3548 1671 3633 particula
1693 3547 1832 3630 aliquam
1855 3567 1920 3610 rem
1938 3567 1994 3630 pro
2011 3569 2085 3611 vera

228 3649 318 3733 poni,
341 3649 435 3714 facile
456 3656 505 3713 est
527 3650 565 3713 ad
588 3647 837 3730 intellegendum
860 3652 1004 3733 optativo
1028 3672 1097 3714 cum
1122 3641 1161 3712 όν
1184 3652 1339 3733 particula
1362 3653 1533 3716 coniuncto
1556 3649 1689 3714 indicari
1705 3670 1822 3712 meram
1846 3647 2084 3730 cogitationem,

228 3772 315 3833 quae
338 3752 406 3814 eius
428 3751 482 3831 qui
505 3751 646 3832 loquitur
670 3752 769 3814 menti
792 3751 988 3828 obversatur,
1013 3773 1069 3832 pro
1093 3773 1166 3816 vera
1190 3753 1276 3835 poni.
1324 3754 1499 3835 Aptissima
1530 3752 1629 3831 igitur
1662 3755 1712 3814 est
1742 3750 1821 3813 haec
1852 3755 2013 3814 structura
2043 3750 2083 3814 ad

227 3852 410 3915 sententias
432 3871 513 3933 quae
536 3851 731 3916 subiectivue
754 3861 909 3915 vocantur
931 3853 1154 3934 proferendas:
1186 3859 1284 3936 atque
1315 3857 1362 3918 ita
1394 3855 1500 3918 differt
1533 3852 1574 3916 ab
1598 3851 1782 3928 indicativo,
1814 3856 1850 3915 ut
1872 3850 1933 3916 hoc
1956 3851 2083 3932 quidem

225 3975 303 4018 cum
328 3953 465 4033 quadem
496 3953 688 4017 confidentia
723 3954 885 4036 loquentis
916 3955 1077 4016 sententia
1111 3957 1335 4035 pronuntietur
1368 3955 1531 4039 (quoniam
1565 3952 1759 4017 indicativus
1789 3975 1854 4017 rem
1887 3975 1989 4018 veram
2015 3975 2086 4017 esse

226 4053 418 4134 significat),
453 4059 564 4118 contra
585 4057 730 4136 optatIvo
754 4078 825 4119 cum
849 4042 888 4115 όν
911 4054 1082 4118 coniuncto
1107 4058 1329 4136 pronuntietur
1360 4079 1430 4120 cum
1454 4058 1561 4138 aliqua
1586 4063 1616 4120 et
1640 4055 1794 4120 modestia
1818 4062 1849 4120 et
1872 4055 2082 4120 dubitatione.

229 4153 285 4220 Ex
308 4155 378 4237 ipsa
402 4176 474 4219 vero
497 4159 656 4220 structura
680 4158 782 4220 elucet
802 4156 958 4220 eiusmodi
982 4160 1159 4221 sententias
1181 4158 1377 4222 subiectivas
1400 4162 1433 4222 et
1453 4159 1494 4230 ad
1517 4181 1580 4222 rem
1605 4163 1802 4242 praesentem
1826 4163 1857 4220 et
1879 4157 1920 4221 ad
1943 4156 2083 4220 futuram

228 4277 327 4340 posse
349 4261 514 4339 spectare:
539 4261 644 4320 utrum
668 4259 872 4321 statuendum
897 4257 949 4336 sit,
972 4280 1010 4320 ex
1035 4260 1265 4323 sententiarum
1290 4281 1414 4324 conexu
1437 4260 1562 4342 pendet.

389 4357 494 4440 Atque
517 4358 601 4440 apud
626 4355 765 4438 Thucyd.
791 4360 918 4441 quidem
944 4383 980 4424 ea
1004 4365 1163 4424 structura
1186 4366 1359 4444 usurpatur

389 4508 420 4574 μ)
439 4506 603 4560 Ρνεεοεδιιο1
619 4507 699 4561 haec:
725 4507 785 4560 »Ala
808 4509 866 4560 ciue
890 4509 1034 4562 besondere
1059 4508 1145 4562 lrlasse
1169 4509 1229 4563 siud
1257 4510 1435 4564 abautrenueo
1459 4509 1530 4577 sane,
1554 4509 1596 4562 dle
1620 4511 1688 4564 auch
1714 4525 1747 4562 zu
1765 4509 1816 4562 den
1833 4509 1976 4562 iudirecten
1994 4508 2084 4576 tragon

230 4591 375 4661 gerechnet
392 4592 505 4676 perdere,
523 4593 584 4646 weil
602 4593 641 4646 sle
671 4571 701 4639 εἷ
721 4614 763 4639 z
782 4591 815 4644 ob
834 4592 932 4659 aeigeu,
952 4593 995 4645 die
1013 4593 1078 4645 aber
1095 4593 1169 4646 nicht
1188 4595 1236 4647 aul
1251 4595 1350 4647 dtrecte
1367 4595 1457 4663 tragon
1482 4593 1711 4649 zmuolzuauhren
1737 4594 1802 4647 sind.
1838 4593 1875 4646 Es
1896 4593 1956 4646 sind
1974 4593 2025 4659 dle,
2042 4607 2085 4644 vvo

232 4677 277 4730 ein
295 4682 499 4745 πειρωμένθς
513 4681 619 4746 argauzt
635 4677 739 4730 werden
758 4677 845 4740 kann,
864 4691 885 4729 τ.
905 4675 930 4730 b.
948 4677 1004 4730 ›loh
1023 4677 1077 4729 will
1096 4677 1195 4730 einrnal
1213 4695 1246 4732 zu
1265 4678 1322 4730 ihm
1340 4679 1433 4748 gehen,
1451 4679 1485 4732 ob
1503 4694 1532 4731 er
1549 4679 1607 4732 sich
1626 4679 1678 4731 mir
1694 4677 1830 4731 vlolleicht
1847 4677 1991 4731 unmecht«
2019 4675 2085 4730 Hier

233 4763 271 4815 lst
288 4777 320 4814 aa
337 4761 414 4814 taine
433 4763 512 4831 trago,
532 4765 596 4816 wie:
616 4763 765 4816 »sntdeclrst
782 4763 818 4814 du
836 4759 898 4813 dich
917 4761 968 4812 mir
977 4762 1002 4812 l«
1019 4762 1059 4814 als
1077 4762 1182 4830 gestellt
1200 4779 1233 4816 zu
1252 4763 1361 4827 deolren,
1380 4764 1491 4817 scudem
1511 4778 1540 4816 es
1558 4763 1697 4830 geschieht
1711 4761 1769 4815 eine
1787 4763 1970 4830 handlnng.
1989 4761 2016 4814 iu
2037 4762 2085 4813 der

234 4849 391 4915 arvertung,
411 4847 492 4900 etwas
510 4847 649 4915 trugliches
667 4847 856 4901 auscultarem«

386 4929 418 4997 ⁸³)
437 4929 469 4983 cl.
490 4929 590 4982 Bauml.
609 4929 625 4983 l.
645 4929 658 4984 1
679 4947 737 5000 pag.
756 4929 807 4984 288
824 4947 863 4998 sq.
