4836 5782
1137 559 1177 624 19

1056 644 1261 662 mm

382 755 411 829 ο)
433 757 508 837 post
522 739 686 837 andrapon
700 741 737 835 ἧς
761 750 917 827 Vll,63,l
941 735 1003 832 χρη
1027 797 1053 811 ..
1078 737 1307 832 ξυμπεσούσης
1328 744 1378 830 νηῖ
1394 735 1477 820 venir
1498 737 1543 832 μη
1559 735 1722 832 πρότερον
1737 737 1852 828 ἀξιοῦν
1873 736 2089 816 ἀπολύεσθαι

221 845 247 940 ἢ
269 844 346 928 τούς
367 843 437 918 ἀπά
460 851 520 918 τοῦ
544 848 707 933 πολεμίου
731 841 1008 935 καταστρώματος
1031 840 1170 924 ὁπλίτας
1191 837 1393 934 ἀπαράξητε.

380 958 417 1021 ln
442 957 493 1020 his
517 977 644 1040 quoque
666 957 843 1022 enuntiatis
869 952 1109 1036 temporalibus,
1138 973 1222 1035 quae
1251 952 1360 1016 omnia
1389 951 1433 1014 rei
1464 951 1591 1016 loturae
1614 953 1879 1033 significationem
1905 956 2084 1032 continent,

219 1082 295 1126 cum
318 1061 408 1126 nullo
431 1058 494 1122 lere
516 1059 692 1124 sententiae
723 1057 905 1124 discrimine
940 1057 1076 1137 scriptor
1102 1058 1228 1138 potarat
1256 1053 1371 1118 addere
1398 1053 1600 1135 particulam:
1632 1055 1828 1120 coniunctivi
1861 1058 1945 1122 enim
1975 1057 2022 1122 vis
2051 1059 2085 1122 iu

225 1163 267 1227 iis
289 1163 370 1226 haec
392 1169 451 1240 est,
474 1167 508 1225 ut
533 1166 665 1244 tempus,
690 1183 753 1244 quo
776 1161 920 1225 futurum
943 1159 996 1231 sit,
1020 1162 1057 1221 ut
1078 1179 1128 1220 res
1151 1157 1190 1220 ad
1214 1156 1362 1219 effectum
1384 1155 1590 1236 (realitatem)
1608 1155 1796 1234 adducatur,
1819 1164 1925 1223 mente
1941 1180 2086 1242 compre-

228 1263 434 1328 hendendum
457 1285 526 1326 ease
548 1263 675 1327 indicet.
721 1264 810 1340 Quae
832 1283 882 1325 res
905 1265 1011 1325 utrum
1038 1262 1191 1324 eventura
1214 1263 1256 1321 sit.
1281 1279 1389 1333 necne,
1420 1259 1570 1338 quoniam
1595 1279 1717 1322 conexu
1742 1261 1971 1324 sententiarum
1997 1261 2083 1324 nullo

233 1364 332 1430 modo
356 1365 386 1428 iu
410 1363 540 1429 dubium
564 1371 707 1442 vocatur,
740 1385 780 1427 ex
803 1363 906 1444 logica
928 1361 1055 1443 quidem
1089 1363 1212 1426 ratione
1245 1360 1323 1424 nihil
1353 1361 1468 1437 differt,
1513 1366 1617 1424 utrum
1653 1361 1815 1444 simplices
1845 1363 2087 1427 coniunctiones

228 1467 424 1548 temporales,
447 1467 566 1548 quibus
590 1467 669 1550 ipsis
691 1465 860 1542 indicatur,
891 1465 1021 1528 alteram
1045 1485 1110 1528 rem
1134 1462 1211 1540 fieri,
1235 1485 1306 1527 cum
1330 1463 1431 1527 altera
1452 1461 1510 1525 fiat
1533 1462 1581 1526 vel
1606 1461 1691 1526 lacta
1713 1465 1765 1540 sit,
1796 1465 2012 1529 adhibeantur
2044 1487 2085 1530 an

224 1570 336 1635 addita
357 1570 514 1653 particula
541 1559 759 1644 dissimulis,
793 1568 847 1649 qui
878 1567 964 1648 legit,
1000 1566 1190 1648 impellatur,
1222 1570 1259 1630 ut
1289 1587 1353 1630 rem
1385 1564 1581 1648 propositam
1614 1565 1810 1646 cogitatione
1836 1576 1900 1631 'sua
1927 1587 1985 1649 pro
2010 1589 2083 1632 vera

228 1672 374 1756 factaque
397 1675 509 1754 ponat.
555 1670 601 1733 Eu
624 1670 693 1752 ipso
716 1669 823 1750 igitur,
852 1670 937 1750 quod
962 1667 1186 1732 coniunctivae
1215 1668 1398 1732 annectitur
1433 1668 1473 1731 ad
1506 1667 1763 1731 coniunctionem
1796 1670 2014 1749 temporalem,
2047 1691 2085 1733 ea

223 1774 391 1838 sententia
415 1771 563 1848 allicitur,
586 1771 625 1836 ad
648 1791 744 1854 quam
767 1771 948 1836 accuratius
980 1769 1219 1853 exprimendam
1245 1769 1401 1853 pedestris
1424 1770 1579 1832 orationis
1603 1771 1772 1852 scriptores
1795 1759 1834 1831 ἀν
1857 1770 2015 1853 particula
2049 1776 2086 1835 ut

225 1876 348 1940 solent:
374 1874 436 1937 nisi
461 1875 546 1955 quod
569 1873 728 1938 sententia
748 1871 843 1956 paulo
866 1873 989 1937 firmius
1012 1871 1215 1953 vividiusque
1240 1871 1465 1953 pronuntiatur
1481 1871 1602 1934 omissa
1618 1871 1783 1952 particula.
1828 1871 1958 1938 Errasse
1974 1877 2083 1937 autem

221 1974 363 2042 Godoir.
386 1974 610 2054 Hermannum,
634 1976 688 2058 qui
712 1975 750 2040 de
774 1979 845 2058 part
868 1963 907 2036 ἀν
928 1996 957 2056 p.
983 1973 1153 2037 103-112
1176 1973 1349 2055 simplicem
1378 1972 1618 2036 coniunctivum
1641 1971 1682 2036 ad
1705 1994 1769 2036 rern
1803 1979 1922 2038 certam
1947 1979 1979 2039 et
2001 1975 2084 2038 coni.

222 2099 301 2141 cum
324 2065 365 2138 ἀν
386 2078 568 2159 copulatum
596 2079 636 2142 ad
660 2100 724 2147 rem
752 2079 908 2142 incertam
931 2081 1075 2159 spectare
1097 2077 1184 2156 dicit,
1216 2080 1267 2140 eat
1295 2074 1405 2140 multis
1437 2073 1881 2158 Bcum1.1.1.p.237-42
1911 2075 2086 2159 explicavit

232 2177 285 2256 (ci.
309 2200 434 2262 quoque
456 2201 485 2262 p.
510 2179 604 2256 243).

858 2314 864 2324 ‘
900 2309 931 2370 3.
956 2307 994 2370 in
1015 2305 1181 2370 enuntiato
1201 2303 1420 2370 madicionoli.

381 2439 432 2517 Vl,
457 2439 508 2514 21,
536 2442 551 2503 1
576 2429 663 2523 πρός
685 2427 740 2503 οἷν
761 2429 916 2525 τοιαύτην
942 2430 1078 2520 δύναμιν
1106 2428 1145 2503 uri
1169 2436 1318 2525 ναυτικῆς
1345 2435 1399 2501 καὶ
1429 2426 1559 2524 φαάλου
1588 2435 1745 2521 στρατιᾶς
1774 2428 1875 2516 μόνον
1907 2435 1969 2513 δεῖ,
1997 2425 2085 2502 ἀλλά

225 2536 279 2602 καὶ
301 2531 404 2617 πεζόν
427 2531 531 2604 πολάν
554 2541 718 2623 ξυμπλεῖν,
751 2541 846 2628 εἴπερ
875 2531 1071 2624 βουλόμεθα
1098 2533 1191 2621 ἀξιον
1213 2539 1270 2628 τῆς
1293 2537 1441 2614 διανοίας
1465 2538 1545 2626 δρᾶν
1566 2539 1621 2603 καὶ
1642 2530 1689 2627 μη
1712 2530 1779 2603 vind
1803 2536 1931 2604 ἱππέων
1953 2537 2085 2604 πολλῶν

226 2638 398 2724 εἴργεσθαι
419 2641 478 2728 τῆς
498 2642 566 2730 γῆς,
597 2635 705 2718 ἀλλοις
727 2665 764 2708 τε
793 2642 847 2707 καὶ
870 2639 900 2707 εἰ
922 2643 1080 2723 ξυστῶσιν
1108 2641 1143 2708 αἱ
1164 2635 1282 2719 πόλεις
1312 2647 1519 2731 φοβηθεῖσαι
1547 2640 1601 2706 καλ
1627 2633 1674 2728 μη
1696 2629 1982 2726 ἀντιπαράσχωσιν
2004 2632 2081 2728 ἡμῖν

222 2739 322 2826 φίλοι
343 2741 428 2818 τινὲς
449 2735 614 2827 γενόμενοι
638 2737 734 2810 ἄλλοι
756 2737 776 2832 ἢ
796 2735 971 2829 Ἐγεσταῖοι
995 2737 1023 2829 ᾦ
1046 2736 1262 2827 ἀμυνούμεθα
1283 2737 1436 2812 ἱππικόνε
1461 2769 1530 2812 cum
1553 2741 1583 2810 εἰ
1597 2748 1739 2812 omnium
1760 2747 1916 2812 bonorum
1932 2745 2076 2810 codicum

230 2864 387 2910 consensu
410 2847 560 2926 firmetur,
585 2851 704 2914 nullius
727 2851 880 2914 momenti
902 2856 960 2924 est,
982 2851 1067 2932 quod
1091 2853 1185 2934 pauci
1215 2853 1302 2933 iique
1335 2852 1408 2916 mali
1442 2851 1531 2914 codd.
1555 2840 1593 2934 ἤν
1617 2849 1777 2931 praebent.
1822 2849 1978 2927 Quoniam
2003 2869 2076 2914 vero

229 2947 390 3012 rarissima
414 2951 490 3015 haec
513 2957 673 3016 structura
696 2957 744 3016 est
767 2952 851 3034 apud
875 2953 1029 3034 pedestris
1061 2953 1215 3016 orationis
1247 2955 1427 3034 scriptores,
1459 2952 1520 3018 hoc
1552 2973 1615 3016 uuo
1647 2951 1717 3016 loco
1748 2951 1924 3034 Thucydidi
1950 2951 2075 3015 videtur

230 3049 398 3114 tribuenda
421 3076 496 3117 esse.
530 3053 648 3119 Contra
664 3055 779 3130 1,72,2
803 3056 834 3118 in
853 3055 1019 3118 enuntiato
1042 3046 1167 3137 ἔφασαν
1187 3045 1374 3134 βούλεσθαι
1396 3051 1448 3117 καὶ
1466 3042 1560 3118 αὐτοὶ
1584 3050 1617 3128 ἐς
1638 3043 1679 3116 cd
1695 3051 1828 3138 πλῆθος
1843 3041 1951 3116 αὐτῶν
1967 3047 2072 3116 εἰπεῖν

237 3149 269 3213 εῖ
287 3174 321 3214 τι
341 3146 385 3237 μη
408 3142 604 3230 ἀποκωλύει,
628 3158 723 3239 paulo
747 3159 896 3221 temerius
920 3156 1103 3220 Classenius
1125 3179 1164 3219 ex
1189 3157 1254 3220 Pal.
1278 3163 1311 3220 et
1335 3158 1401 3220 Vnt.
1425 3157 1544 3239 recepit
1566 3142 1754 3240 ἀποκωλύῃ,
1778 3177 1848 3220 curn
1874 3154 1971 3230 Caes,
2005 3157 2083 3239 Aug.

213 3252 271 3343 ‚al
303 3256 476 3336 praebeant
509 3258 727 3322 indicativum.
780 3259 890 3340 Neque
924 3260 1013 3323 locus
1043 3258 1066 3338 l,
1097 3258 1211 3334 139‚3
1241 3247 1506 3338 Λακεδαιμόνιοι
1534 3246 1710 3338 βούλονται
1741 3246 1799 3342 την
1833 3251 1958 3342 εἰρήνην
1990 3245 2083 3333 εἶναι,

225 3353 280 3440 εἴη
303 3345 388 3433 d’div,
412 3351 442 3420 εἰ
460 3347 698 3444 τοάςἝλληνας
713 3347 915 3438 αι’τονάμους
937 3347 1066 3443 ἀφεῖτε,
1090 3362 1136 3424 ita
1159 3365 1207 3424 est
1232 3367 1445 3443 comparatus,
1469 3364 1506 3425 ut
1520 3348 1640 3446 ἀφῆτε,
1661 3360 1746 3441 quod
1763 3361 1796 3423 in
1813 3359 1971 3441 plerisque
1993 3359 2083 3423 codd,

230 3459 358 3541 legitur,
384 3462 528 3526 videatur
551 3463 765 3546 recipiendum
790 3485 867 3536 esse,
890 3484 989 3544 quare
1013 3468 1097 3527 recte
1120 3464 1257 3527 editores
1281 3465 1313 3526 in
1339 3469 1432 3528 textu
1454 3467 1633 3546 posuerunt
1654 3463 1845 3545 optativum.
1871 3497 1907 3506 -
1934 3461 1977 3526 Ut
2009 3481 2082 3524 vero

230 3561 395 3626 redeamus
417 3563 456 3626 ad
480 3585 562 3641 eum,
586 3565 670 3628 unde
693 3564 827 3646 digressi
850 3585 969 3640 sumus,
993 3565 1107 3642 locum,
1132 3586 1235 3647 neque
1257 3564 1331 3641 illic,
1355 3565 1440 3628 sicut
1463 3565 1495 3627 in
1519 3565 1558 3628 iis
1581 3564 1746 3647 exemplis,
1769 3584 1851 3645 quae
1874 3563 2080 3645 temporalem

233 3667 424 3730 sententiam
450 3667 625 3742 continent,
648 3688 689 3731 ex
711 3668 815 3749 logica
837 3667 960 3732 ratione
984 3668 1151 3731 discrimen
1177 3667 1302 3730 videtur
1324 3665 1529 3730 statuendum
1555 3688 1623 3730 esse
1646 3667 1729 3730 inter
1753 3687 1833 3742 eam,
1860 3686 1942 3746 quae
1964 3669 2081 3744 exstat,

236 3767 427 3832 sententiam
452 3777 484 3832 et
507 3791 586 3845 eam,
611 3792 693 3851 quae
717 3770 826 3834 addita
849 3769 1006 3852 particula
1030 3770 1220 3835 efficeretur:
1245 3792 1309 3834 una
1332 3769 1556 3853 psychologica
1583 3771 1666 3834 ratio
1689 3770 1813 3834 diversa
1842 3775 1900 3834 est.
1946 3768 2016 3845 Qua
2044 3769 2082 3833 de

228 3893 261 3934 re
284 3871 459 3936 rectissima
490 3872 616 3936 videtur
648 3872 807 3937 monuisse
844 3872 936 3954 Leop.
973 3869 1179 3935 Schmidtius·
1201 3872 1220 3935 l.
1242 3872 1262 3934 l.
1286 3894 1316 3955 p.
1344 3872 1399 3936 16:
1438 3871 1535 3954 ,Cum
1569 3872 1680 3936 addita
1712 3862 1752 3934 ἀν
1782 3871 1940 3955 particula
1968 3872 1995 3934 is
2026 3871 2081 3954 qui

229 3974 371 4056 loquitur
404 3973 586 4038 audientem
617 3975 657 4038 ad
689 3997 754 4038 rem
787 3975 940 4038 incertam
972 3994 1031 4036 sua
1063 3981 1170 4038 mente
1200 3975 1336 4056 amplius
1367 3975 1620 4040 adumbrandam
1648 3975 1774 4052 invitat,
1804 3997 1862 4039 sua
1891 3975 1992 4058 ipsius
2015 3995 2080 4038 non

233 4078 366 4142 nimium
390 4077 542 4141 interesse
566 4077 735 4158 significat,
760 4082 864 4142 utrum
889 4077 949 4141 troc
972 4098 1011 4140 an
1036 4076 1113 4141 illud
1138 4079 1273 4154 eveniat,
1303 4079 1387 4158 quod
1417 4085 1529 4141 contra
1552 4083 1610 4155 eat,
1640 4078 1694 4142 ubi
1719 4077 1855 4161 simplici
1877 4077 2081 4143 coniunctivo

231 4201 320 4244 suam
355 4179 514 4262 propriam
555 4179 780 4260 cogitationem
816 4181 848 4242 in
883 4179 926 4242 rei
955 4183 1071 4243 eventu
1103 4180 1239 4243 defixam
1273 4180 1441 4260 exprimit:
1476 4200 1539 4262 quo
1566 4179 1604 4242 fit
1633 4183 1670 4243 ut
1696 4168 1752 4242 ε’ἀν
1775 4201 1845 4243 cum
1876 4179 2080 4244 coniunctivo

227 4281 426 4358 remissione,
450 4274 481 4344 εἰ
502 4301 574 4345 curu
598 4282 801 4345 coniunctius
825 4280 1006 4344 intentioris
1029 4302 1101 4345 cum
1132 4282 1270 4364 quodam
1300 4281 1416 4346 allecta
1445 4283 1544 4346 animi
1573 4284 1617 4345 sit
1648 4279 1831 4346 iudicium.“
1859 4317 1896 4328 ·-
1922 4283 2080 4363 Augurem

230 4383 328 4464 igitur
351 4384 449 4447 animi
473 4387 506 4448 et
527 4381 774 4449 sollicitudinem
798 4382 906 4447 Nicias
928 4383 1093 4465 aptissime
1116 4384 1251 4465 simplici
1269 4377 1300 4446 εἰ
1316 4383 1428 4448 vocula
1445 4405 1516 4447 cum
1535 4385 1739 4448 coniunctivo
1757 4384 1906 4466 copulata
1921 4385 2079 4466 exprimit.
