4836 5782
1163 571 1204 638 2³

1086 663 1287 677 ιιΜ-Ιιιιηννννν

242 766 313 831 der
336 765 460 830 blossen
489 763 703 843 mtiglichkeit
733 785 772 826 au
798 761 990 826 versetzen.‘
1036 759 1100 826 Sed
1135 761 1220 828 haud
1243 765 1311 829 ecio
1342 787 1383 828 an
1409 765 1540 829 nimium
1576 764 1620 836 illi
1652 764 1711 827 viri
1738 763 1822 827 docti
1856 763 1911 826 isti
1937 765 2118 828 structurae

245 869 447 932 tribuerint:
487 866 567 930 mihi
594 865 689 939 enim,
721 871 757 927 ut
782 864 936 947 Popponi,
971 863 1049 927 nihil
1082 866 1143 930 nisi
1175 867 1348 932 modestior
1381 867 1597 947 urbaniorque
1631 866 1755 930 dicendi
1787 865 1868 929 ratio
1892 887 1948 948 pro
1970 866 2115 947 graviore

246 970 431 1034 indicativo
456 968 680 1032 videturesse.
735 965 800 1030 Nec
824 971 986 1048 praeterea
1009 989 1143 1050 semper,
1174 990 1257 1051 quae
1279 971 1438 1052 scripturn
1467 969 1641 1052 simplicior
1672 967 1857 1049 faciliorque
1880 980 1928 1032 est
1952 967 1991 1031 ad
2014 967 2116 1050 expli-

246 1072 406 1148 candum,
430 1093 468 1134 ea
494 1091 550 1152 pro
572 1069 701 1132 rectiore
725 1074 774 1134 est
797 1069 953 1134 habenda.
1000 1071 1131 1134 Accedit
1158 1071 1244 1154 qnod
1268 1072 1322 1135 vix
1345 1072 1514 1154 quisquam
1547 1071 1705 1147 ostendet,
1729 1092 1792 1152 que
1815 1070 1853 1134 de
1876 1092 1973 1135 cause
1995 1070 2115 1136 factum

245 1176 311 1252 sit,
333 1179 380 1249 ut,
405 1173 433 1236 si
455 1171 645 1236 indicativus
667 1193 687 1235 a
709 1169 850 1252 Thucyd.
876 1173 945 1254 ipso
968 1172 1094 1254 positus
1117 1179 1211 1250 esset,
1233 1173 1312 1236 haec
1334 1178 1495 1238 structura
1518 1173 1757 1256 simplicissima
1778 1174 1950 1239 alibrariis
1973 1173 2005 1236 in
2022 1177 2114 1256 opta·

250 1279 377 1352 tirum,
400 1277 465 1356 qui,
487 1279 522 1336 ut
543 1272 692 1337 omnibus
716 1272 813 1348 hisce,
845 1273 1024 1357 dequibus
1055 1275 1118 1338 iam
1149 1275 1286 1356 agimus,
1308 1275 1397 1353 locis,
1434 1274 1576 1357 prolecto
1599 1274 1695 1357 paulo
1718 1275 1907 1340 insolentior
1928 1282 1987 1352 est,
2012 1279 2117 1340 muta·

256 1385 360 1456 retur,
383 1399 451 1440 cnm
474 1399 491 1440 e
513 1375 672 1438 contrario
695 1373 881 1440 facillimum
905 1379 949 1440 sit
971 1377 1010 1442 ad
1034 1377 1300 1458 perspiciendum,
1325 1398 1424 1458 quare
1446 1375 1606 1440 diffieilior
1628 1375 1682 1440 ille
1696 1377 1862 1458 optativus
1883 1377 2010 1443 aliaue.
2026 1379 2116 1444 Vind.

259 1479 399 1544 librariis
421 1479 451 1540 in
476 1477 699 1559 simpliciorem
723 1478 933 1542 indicativum
956 1479 1000 1542 sit
1022 1485 1176 1544 mutatus.
1224 1479 1279 1554 Ac,
1302 1480 1388 1562 qnod
1412 1480 1542 1544 maximi
1568 1479 1720 1542 momenti
1743 1483 1792 1542 est
1814 1479 1855 1544 ad
1878 1480 2032 1545 tuendum
2058 1501 2115 1564 op·

261 1583 405 1657 tatinum,
442 1587 663 1662 praeterquam
699 1580 784 1663 qued
818 1602 928 1644 omnes
959 1581 1085 1644 fere-
1116 1582 1213 1646 etiam
1249 1583 1362 1663 optimi
1388 1617 1425 1626 —
1451 1582 1576 1645 codices
1611 1584 1790 1663 optativum
1823 1582 1987 1664 praebent,
2021 1583 2116 1647 etiam

261 1685 387 1766 Dionys.
404 1683 474 1746 Hal.
497 1681 576 1763 περὶ
602 1680 739 1746 Θυυκυδ.
764 1671 954 1762 ἰδιωμάτων
976 1705 1001 1748 c.
1025 1683 1084 1748 XII
1107 1705 1135 1767 p.
1157 1682 1218 1748 801
1244 1689 1373 1767 propter
1395 1683 1479 1750 hune
1503 1683 1606 1764 ipsum
1631 1682 1766 1764 optativi
1785 1703 1876 1746 usum
1900 1683 1987 1746 hunc
2010 1684 2115 1748 locum

257 1787 351 1850 effert
386 1791 417 1849 et
441 1786 521 1850 haec
552 1787 647 1849 verbe
679 1785 790 1850 adicit:
827 1781 971 1848 ἐνταῦθα
998 1773 1061 1869 γάρ
1092 1773 1131 1849 τό
1152 1783 1211 1865 μέν
1246 1781 1462 1865 ,,έθέλοιμεν“
1495 1783 1584 1870 ῥῆμα
1611 1782 1669 1848 τοί
1695 1773 1870 1859 μέλλοντός
1899 1780 1969 1848 ἐστι
1999 1771 2119 1866 χρόνον

257 1875 448 1974 δηλωτικόν·
471 1876 513 1949 τό
529 1884 566 1950 δέ
582 1882 826 1968 ,,περιγίνειαι“
849 1884 909 1950 τοῦ
932 1877 1105 1972 παρόντος.
1137 1877 1326 1952 άκόλουθσν
1348 1885 1377 1949 δ’
1399 1875 1438 1950 dv
1460 1873 1507 1972 ἦν,
1532 1880 1562 1949 εί
1584 1885 1749 1963 σινέζευξε
1770 1883 1817 1968 τῷ
1841 1883 2056 1965 ,,ε’θὲλσιμεν“
2078 1876 2119 1952 τό

258 1985 486 2072 ,,περιέσται.“
532 1989 619 2066 Quae
642 2010 714 2052 cum
737 1992 783 2053 ita
805 1990 880 2062 sint,
904 1992 1017 2054 merito
1042 1991 1167 2054 videtur
1201 1992 1308 2073 Puppe
1331 1991 1510 2070 optativum
1543 1995 1576 2051 et
1598 1989 1742 2052 codicum
1776 1989 1968 2070 optimorum
1991 2011 2030 2054 ac
2053 1989 2117 2056 lere

259 2093 405 2156 omnium
429 2111 583 2155 consensu
607 2097 638 2154 et
661 2092 849 2173 gravissimo
874 2092 1017 2176 Dionysii
1039 2095 1225 2157 testimonio
1248 2094 1407 2157 munitum
1432 2091 1620 2155 defendisse.
1647 2125 1676 2136 -
1703 2090 1757 2168 111,
1770 2090 1834 2161 9,2
1857 2088 1909 2152 καὶ
1925 2079 1984 2153 οὐκ
2001 2080 2117 2165 άδιιιος

263 2185 345 2277 αίέτη
368 2184 387 2278 ἡ
410 2181 544 2272 άξίωσίς
575 2199 629 2262 tec.
649 2184 727 2268 τοάς
749 2183 991 2277 episcopalium
1014 2185 1097 2258 εἶναι
1130 2185 1300 2279 προδότας
1321 2191 1385 2256 τῶν
1406 2183 1475 2275 πρδ
1496 2189 1556 2254 τοῦ
1573 2189 1690 2278 φίλων)
1714 2189 1810 2264 ἐστιν,
1833 2186 1863 2254 εἰ
1882 2183 2010 2271 τύχοιεν
2030 2183 2117 2280 πρός

265 2285 421 2380 άλληλους
445 2289 479 2358 ol'
491 2317 528 2358 τε
550 2283 768 2379 ἀφιστάμενοι
793 2293 847 2359 καὶ
870 2285 928 2382 άφ*
947 2285 992 2358 ὦν
1015 2293 1234 2379 διακρίνοιιτο
1257 2295 1326 2358 ἴσοι
1347 2291 1406 2374 μέν
1426 2293 1466 2380 τῇ
1481 2285 1590 2380 γνώμη
1616 2284 1707 2368 ίίντες
1730 2291 1783 2356 καί
1801 2282 1921 2380 siecle,
1943 2283 2117 2359 άνιίπαλοι

265 2391 301 2458 δέ
327 2395 365 2480 τῇ
387 2397 576 2484 παρασκευῇ
608 2395 661 2460 καί
694 2387 841 2478 δυνάμει,
875 2386 1048 2481 πρόφασίς
1069 2419 1104 2461 τε
1134 2388 1281 2484 ἐπιεικής
1313 2394 1460 2481 μηδεμία
1493 2386 1634 2482 ὑπάρχοι
1665 2395 1723 2481 τῆς
1751 2385 1977 2470 άπσστάσεως.
2029 2399 2117 2476 Quae

262 2499 397 2580 exempli
413 2497 480 2562 ficti
496 2500 578 2561 ratio
601 2500 760 2581 quomodo
784 2500 909 2564 differat
932 2500 973 2564 ab
996 2501 1138 2565 eiusdem
1161 2501 1180 2584 ξ
1204 2502 1310 2565 verbis
1333 2523 1397 2564 rem
1423 2522 1526 2564 veram
1552 2500 1796 2583 designantibus
1817 2496 1901 2585 μηδέ
1917 2522 1964 2582 τῳ
1985 2497 2117 2584 χείρους

260 2587 408 2680 δόξωμεν
431 2589 526 2676 είναι,
550 2594 580 2662 εί
601 2595 633 2664 ἐν
647 2599 685 2686 τῇ
702 2590 810 2686 εἰρήνη
833 2589 1015 2682 τιμώμενοι
1039 2594 1093 2664 ὑπ’
1111 2589 1217 2665 eineis
1239 2599 1271 2665 έν
1285 2605 1356 2676 τοῖς
1373 2599 1495 2676 δεινοῖς
1519 2589 1750 2686 άφιστάμεθα,
1775 2602 1996 2684 unusquisque
2020 2602 2115 2668 videt.

167 2691 172 2699 ¹
259 2701 362 2768 Multo
385 2703 502 2767 fortius
524 2707 630 2767 autem
653 2697 739 2766 ἐστίν
762 2704 838 2767 illud
862 2709 957 2768 sonat
978 2726 1073 2787 quam
1098 2695 1138 2767 άν
1160 2702 1209 2789 alp
1232 2709 1377 2769 sonaret:
1416 2705 1499 2786 „und
1523 2706 1568 2782 (in
1593 2705 1647 2769 der
1663 2703 1746 2782 that)
1770 2705 1812 2767 ist
1825 2703 1898 2787 jane
1917 2704 2117 2786 beurteilung

262 2805 353 2869 nicht
374 2805 560 2886 ungerecht,
593 2811 717 2886 gesetzt
740 2807 799 2869 den
823 2805 888 2880 tall,
918 2807 992 2872 dass
1015 2829 1044 2872 u.
1069 2829 1094 2872 s.
1119 2805 1176 2870 w.“
1211 2843 1251 2853 —
1284 2805 1380 2884 44‚·2
1410 2795 1448 2890 ἦν
1469 2825 1506 2867 τε
1526 2795 1590 2889 γάρ
1617 2793 1780 2890 άποφιξνω
1809 2792 1894 2866 πάνυ
1925 2792 2118 2881 άδιιιοῦιτας

263 2893 390 2982 αιίτοάς,
421 2895 461 2969 σά
491 2905 548 2969 διά
577 2905 676 2968 coire
706 2905 758 2969 καί
783 2895 972 2971 άποκιείναι
1001 2899 1153 2988 κελεύσω,
1183 2903 1213 2970 εί
1234 2898 1280 2992 μή
1303 2905 1478 2993 ξυμφέρον,
1511 2896 1548 2992 ἦν
1570 2928 1605 2969 τε
1628 2905 1680 2970 καί
1705 2895 1836 2985 ε”χονιάς
1857 2929 1890 2970 τι
1920 2897 2117 2993 ξυγγνώμης,

265 3003 327 3080 ἐάν,
355 3003 384 3070 εἰ
406 3007 444 3093 τῇ
468 2997 566 3071 πόλει
595 3000 641 3093 μή
670 2997 799 3090 άγαθδν
827 3007 989 3093 φαίνοιτο.
1035 3011 1085 3087 Ν,
1108 3012 1161 3087 59,
1184 3011 1204 3075 3
1226 2999 1319 3074 αάεά
1341 3007 1378 3071 δέ
1400 3007 1503 3071 ταῦτα
1526 2997 1616 3094 εἰμι)
1638 3005 1671 3072 ἐν
1692 3007 1796 3093 καιρῷ
1818 2998 1947 3088 τόχοιεν
1968 2999 2118 3093 ἑκάτεροι

266 3097 473 3190 πράσσοντες,
496 3107 530 3173 αλ
553 3108 763 3191 παραινέσεις
785 3111 849 3174 τῶν
871 3110 1073 3194 ξυναλλαγιῦν
1096 3104 1263 3196 ὠφέλιμοι
1286 3119 1341 3186 (sc.
1366 3106 1469 3190 εἰσίν).
1525 3111 1573 3188 Vl,
1597 3111 1649 3188 34,
1672 3111 1692 3175 5
1719 3105 1750 3174 εί
1772 3108 1808 3173 δὲ
1830 3100 1876 3194 μή
1899 3107 2024 3196 δοκοίη,
2047 3104 2118 3176 ἔστι

267 3209 318 3272 καὶ
353 3204 560 3297 ὑποχωρῆσαι
588 3205 663 3298 ἡμῖν
685 3209 718 3285 ές
739 3202 896 3294 Τάραντα
920 3213 969 3294 (cl.
996 3235 1066 3295 pag.
1092 3213 1155 3292 21).
1180 3214 1231 3288 86,
1256 3214 1276 3278 3
1299 3205 1394 3297 ἡμεῖς
1414 3209 1473 3290 μέν
1495 3234 1531 3294 γε
1554 3205 1630 3276 oliae
1652 3209 1801 3294 ἐμμεῖναι
1823 3211 1955 3276 δυνατοὶ
1976 3203 2023 3298 μή
2037 3213 2117 3293 μεθ’

268 3304 355 3392 ὑμῶν
376 3321 428 3388 (sc.
443 3311 561 3392 εὀμέν),
585 3314 617 3376 εί
628 3335 665 3376 τε
686 3313 737 3376 καί
754 3304 920 3396 γενόμενοι
943 3313 1034 3377 κακοί
1058 3312 1355 3399 κατεργασαίμεθα,
1379 3302 1537 3380 άδόνατοι
1558 3319 1735 3396 κατασχεῖν,

420 3418 626 3499 Participium
658 3439 714 3500 pro
736 3418 912 3480 indicativo
936 3425 1043 3480 exstat
1065 3418 1117 3494 lll,
1146 3421 1192 3488 10,
1218 3421 1232 3480 1
1258 3406 1336 3490 νοός
1359 3406 1475 3499 λόγους
1502 3408 1719 3503 ποιησόμεθα
1750 3407 1876 3489 είδότες
1905 3407 1981 3480 οὔτε
2003 3411 2118 3500 φιλίαν

261 3509 414 3592 ι’διιάταις
442 3519 579 3598 βέβαιον
613 3518 797 3601 γιγνομένην
831 3511 906 3581 οὔτε
942 3515 1111 3582 κοινωνίαν
1149 3507 1287 3582 πόλεσιν
1316 3515 1349 3592 ές
1380 3507 1485 3595 σόδέν,
1518 3515 1548 3582 εί
1575 3509 1621 3604 μή
1650 3520 1721 3598 μετ’
1747 3507 1866 3603 άρετῆς
1892 3505 2053 3601 δοκούσης
2084 3514 2118 3592 ἐς

265 3609 426 3703 άλληῗλονς
449 3618 608 3703 γίγνοιντο
639 3609 808 3684 καίτδιλλα
834 3611 1056 3706 όμοιότρσπσι
1082 3611 1153 3683 ein.
1200 3619 1354 3685 Similiter
1377 3621 1637 3694 infin.v1‚33,2:
1669 3609 1841 3705 Ἀθηναῖοι
1866 3609 1928 3705 γάρ
1956 3617 2007 3705 ἐφ’
2031 3610 2118 3704 ηλμᾶς

258 3773 266 3786 .
292 3775 297 3786 .
322 3721 428 3809 πολλῇ
452 3722 589 3806 στρατιᾷ
612 3714 778 3807 ὥρμιγνται
803 3775 808 3786 .
834 3775 840 3789 .
866 3774 872 3786 .
898 3719 1047 3796 Σικελίας
1071 3718 1247 3806 ἐπιθυμίᾳ,
1269 3710 1413 3800 μάλιστα
1436 3719 1472 3785 δέ
1494 3721 1552 3806 τῆς
1574 3715 1733 3807 ἡμετέρας
1755 3711 1897 3796 πόλεως,
1928 3709 2117 3806 ἡγοάμενοι,

215 3819 218 3826 ’
258 3819 292 3886 εἰ
313 3815 431 3910 ταάτην
462 3829 580 3903 σχοῖεν,
613 3823 737 3909 ῥηιδίως
759 3823 811 3887 καί
835 3813 937 3887 τᾶλλα
968 3821 1060 3903 έξειν.
1106 3825 1158 3900 37,
1183 3826 1199 3887 1
1232 3818 1262 3886 εἰ
1285 3820 1321 3886 δέ
1343 3813 1395 3908 δή,
1427 3817 1542 3909 ὥσπερ
1565 3822 1722 3907 λέγονται,
1754 3817 1895 3899 ἔλθοιεν,
1924 3819 2117 3902 ἱκανωτέραν

259 3921 404 4013 ἡγοῦμαι
428 3925 576 3990 Σικελίαν
601 3978 630 3989 ..
657 3925 903 4010 διαπολεμῆσαι
927 3979 932 3991 .
953 3975 970 4003 .,
993 3917 1050 4010 την
1074 3925 1110 3989 δέ
1132 3917 1289 4010 ἡμετέραν
1312 3917 1411 3989 πόλιν
1432 3916 1533 4010 einer
1553 3925 1612 4012 τῆς
1633 3925 1686 3988 νῦν
1708 3925 1864 4008 στρατιάς
1886 3975 1892 3988 .
1917 3977 1923 3989 .
1948 3913 2118 4007 ε’πισάσης,

255 4028 312 4094 καί
337 4025 367 4092 εἰ
389 4027 441 4102 δίς
463 4019 604 4113 τοσαάτιγ
628 4023 735 4105 ἔλθοι,
758 4021 843 4093 noli}
866 4025 1006 4112 κρείσσω
1030 4020 1123 4092 εἶναι.

469 4129 501 4209 δ)
524 4133 716 4197 indicativus
740 4134 929 4215 imperfecti:

415 4233 465 4302 lV,
491 4234 562 4306 13¹,
589 4239 601 4295 l
627 4223 813 4317 ίδράθησαν
841 4232 895 4297 ἐπὶ
920 4223 1029 4319 λόφου
1062 4231 1221 4316 καρτεροῦ
1244 4222 1311 4316 πρδ
1345 4229 1403 4314 τῆς
1424 4219 1564 4306 πόλεως,
1599 4219 1635 4292 ’δν
1658 4226 1688 4294 εί
1708 4219 1754 4315 μη
1777 4227 1882 4293 ituree
1912 4225 1943 4290 ni
1966 4223 2117 4304 ἐναντίοι,

262 4323 321 4395 orie
343 4331 598 4418 ε’γίχνετοσφιῦν
620 4332 845 4418 περιιείχισις.
893 4334 1061 4399 Transitus
1076 4335 1129 4398 hic
1144 4355 1271 4417 quoque
1293 4333 1330 4396 lit.
1346 4334 1387 4396 ab
1404 4333 1593 4408 subiectiva,
1617 4339 1652 4396 nt
1669 4333 1714 4395 ita
1731 4334 1843 4404 dicem,
1867 4331 1906 4394 ad
1923 4331 2113 4393 obiectiram

264 4437 388 4500 dicendi
414 4438 588 4500 rationem:
612 4439 638 4500 si
663 4439 745 4500 enim
771 4437 996 4501 Scionneorum
1022 4437 1176 4518 cogitatio
1199 4436 1342 4499 oratione
1366 4441 1452 4499 recta
1475 4434 1566 4515 plene
1590 4435 1827 4515 exprimeretur,
1858 4433 1935 4496 haee
1958 4432 2055 4494 foret:
2086 4425 2118 4492 εἰ

261 4527 306 4620 μη
330 4533 435 4600 ἕλοιεν
455 4528 513 4600 τόν
535 4527 640 4621 λόφου
666 4533 698 4598 ni
714 4534 864 4611 ἐναντίοι,
889 4526 947 4599 orie
970 4527 1009 4599 άν
1032 4531 1175 4617 γίγνοιτο
1197 4531 1289 4622 ἡμῶν
1311 4530 1536 4620 περιτείχισις.
1581 4535 1724 4616 Scriptor
1739 4542 1845 4598 eutem
1870 4536 1913 4596 ita
1930 4535 1970 4597 nb
1988 4535 2116 4614 incepta

265 4645 424 4704 structura
446 4641 586 4721 deflexit,
610 4647 644 4702 ut
669 4641 801 4722 priorem
826 4640 952 4721 quidem
978 4645 1099 4718 partem
1124 4638 1330 4721 cogitationis
1355 4637 1579 4702 Seionaeorum
1610 4638 1810 4717 exprimeret,
1844 4636 1956 4699 deinde
1981 4656 2042 4697 non
2066 4634 2116 4697 di·

265 4749 349 4805 ceret
372 4729 430 4803 σιἰκ
452 4731 491 4803 δν
512 4737 682 4823 γίγνεσθαι
713 4740 806 4826 σφῶν
829 4737 1055 4818 περιτείχισιν,
1079 4740 1134 4803 sed
1157 4740 1317 4804 obieetiva
1347 4738 1472 4801 dicendi
1503 4736 1603 4801 forma
1627 4759 1704 4801 usus
1727 4743 1870 4820 pergeret
1894 4723 1952 4798 criu
1974 4728 2114 4816 ἐγίγνετο

262 4841 354 4926 σφων
376 4839 602 4924 περιτείχισις,
627 4863 832 4922 quaererem
858 4847 982 4906 lentum
1007 4861 1176 4916 conexum,
1199 4861 1263 4904 non
1287 4839 1513 4904 Scionaeorum
1537 4840 1764 4920 cogitationem
1793 4839 1974 4920 respiciunt.
2019 4835 2114 4900 Simi-

261 4946 332 5009 liter
355 4945 417 5020 ill,
435 4948 492 5016 6,1
520 4937 582 5029 ἤδη
605 4934 667 5026 γάρ
689 4943 741 5006 καί
766 4935 845 5006 ὅσον
868 4933 907 5007 ori
931 4931 1158 5027 παρεληλύθει
1180 4937 1239 5026 τήν
1261 4929 1523 5023 τῶνἈθη-ναίων
1543 4936 1603 5002 τοῦ
1625 4935 1753 5018 τείχους
1774 4927 1924 5022 τελευιηῖν
1946 4929 1965 5022 'l
1989 4933 2116 5000 ἐκείνων
