4836 5782
580 723 637 800 ββ)
662 721 889 784 coniunctivae
912 723 1023 787 aoristi
1046 726 1169 786 exstat:

485 827 557 904 post
581 823 645 886 adi.
666 821 723 886 rel.
758 813 806 897 ὃς,
830 813 929 898 ὅςτις,
957 811 1130 904 ὁπότερος,
1158 813 1246 897 οἷοςι
1288 824 1310 900 Ι,
1335 823 1385 898 28,
1410 823 1428 886 2
1458 818 1550 896 δίκας
1578 813 1868 907 lactorensem.
1894 874 1900 888 .
1924 811 2015 904 παρό
2038 812 2190 898 πόλεσιν,

325 912 378 996 αἷς
392 912 432 984 ἂν
447 910 635 1007 όμφότεροι
658 921 832 1005 ξομβῶσιν·
857 915 1026 1005 ὁποτέρων
1048 923 1077 986 d'
1096 915 1135 988 όν
1151 924 1295 1012 δικασθῇ
1319 915 1402 988 εἶναι
1424 914 1483 1010 την
1499 912 1665 1002 οἷποικίαν,
1687 913 1824 998 τούτους
1838 928 1973 1005 κρατεῖν.
2019 925 2069 1003 ΙΙΙ,
2087 925 2138 1002 36,
2158 925 2185 987 1.

323 1023 419 1101 86,1.
443 1025 497 1091 88.
541 1025 576 1102 V,
600 1026 699 1103 30,1.
732 1026 810 1102 Vlll,
834 1026 886 1105 48,
902 1028 932 1092 4.
957 1027 1054 1105 64,1.
1080 1018 1134 1101 αἷς
1155 1018 1195 1090 όν
1221 1026 1411 1112 προςσχῶσι
1436 1027 1610 1092 secundnm
1637 1028 1705 1092 cod.
1733 1028 1803 1092 Vat.
1827 1061 1870 1084 -
1897 1029 1953 1110 „ad
1979 1050 2059 1109 quas
2084 1047 2187 1109 appu-

324 1125 455 1191 lissent“
481 1132 566 1191 recte
589 1127 689 1192 Class.
713 1129 849 1211 scripsit.

479 1233 554 1312 post
576 1229 648 1296 adv.
672 1230 725 1293 rel.
751 1221 855 1294 ὅποαι
878 1229 901 1306 Ι,
928 1228 999 1308 135,
1022 1230 1042 1294 3
1067 1219 1118 1303 οἷς
1141 1228 1250 1314 είρητο
1274 1220 1365 1314 όγειν
1387 1221 1475 1293 ὅπου
1497 1219 1536 1293 όν
1558 1222 1785 1316 περιτόχιοσιν.

480 1330 514 1396 b.
546 1333 775 1396 enuntiatio
813 1332 983 1397 relativa
1017 1333 1261 1414 generaliter
1299 1333 1412 1408 dicta
1445 1334 1654 1416 exprimit,
1696 1355 1799 1414 quae
1831 1336 1975 1416 quovis
2006 1339 2190 1417 tempore

327 1428 419 1494 fieri
450 1433 626 1497 soleant.

532 1536 566 1615 α)
589 1537 622 1599 in
646 1533 814 1600 enuntiato
837 1536 937 1599 libero
959 1537 1101 1619 positum
1126 1542 1174 1600 est
1197 1558 1299 1620 praes.
1324 1538 1370 1600 vel
1395 1536 1491 1618 pert:

587 1639 643 1718 αα)
669 1638 892 1701 coniunctivae
915 1660 1016 1720 praes.
1041 1644 1163 1702 exstat:

481 1742 555 1820 post
569 1739 631 1804 adi.
649 1739 702 1802 rel.
722 1729 760 1811 ὅς
775 1739 822 1801 νεΙ
842 1729 938 1812 iidoc:
962 1740 984 1816 Ι,
1003 1740 1089 1816 77,2
1112 1730 1297 1817 βιάζεσθαι
1319 1729 1382 1822 γόρ
1405 1729 1456 1813 οἷς
1471 1729 1511 1802 όν
1527 1736 1592 1825 ἐξῇ,
1616 1730 1817 1816 δικάζεσθαι
1842 1728 1937 1803 οὐδὲν
1958 1736 2185 1824 προςδὲονται.

327 1836 379 1914 37,
401 1838 430 1901 4.
455 1838 507 1914 42,
530 1839 559 1902 2.
584 1842 635 1916 71,
661 1844 686 1904 l.
731 1841 770 1917 ΙΙ,
794 1841 845 1920 34,
870 1841 899 1906 6.
924 1841 975 1920 35,
999 1841 1027 1904 2.
1052 1843 1104 1920 44,
1129 1842 1147 1903 2
1171 1850 1203 1905 et
1225 1842 1255 1905 3.
1279 1841 1330 1916 45,
1355 1843 1383 1905 2.
1408 1843 1460 1918 62,
1484 1845 1514 1906 4.
1539 1843 1592 1918 ΙΙΙ,
1615 1843 1666 1912 37.
1691 1843 1720 1906 2.
1746 1843 1795 1918 IV,
1821 1845 1871 1919 17,
1895 1845 1924 1906 2.
1951 1845 2000 1923 18,
2024 1844 2053 1908 4.
2077 1845 2131 1924 92,
2155 1845 2187 1907 2.

326 1939 360 2016 V,
388 1940 437 2017 10,
459 1941 489 2006 6.
517 1942 589 2019 105,
613 1942 641 2005 2.
688 1943 735 2021 ΙΙΙ,
753 1945 782 2008 9.
801 1943 829 2006 2.
852 1943 898 2022 16,
916 1943 1020 2009 3615.
1047 1944 1095 2021 18,
1112 1944 1141 2008 7.
1166 1944 1218 2010 93.
1234 1945 1264 2007 4.
1311 1945 1374 2023 Vll,
1391 1945 1442 2022 62,
1458 1947 1488 2009 4.
1512 1944 1563 2023 68,
1580 1944 1609 2008 3.

481 2047 554 2125 poet
576 2045 647 2110 adv.
672 2045 726 2109 rel.
750 2035 795 2118 uic
816 2045 870 2123 ΙΙΙ,
886 2045 939 2120 82,
956 2045 984 2109 2.
1142 2079 1145 2085 -

586 2150 643 2228 lid)
667 2149 892 2212 coniunctivae
915 2149 1025 2212 aoristi
1052 2153 1175 2211 exstat:

481 2252 556 2330 post
577 2249 638 2312 adi.
656 2250 709 2313 rel.
735 2239 782 2325 ὃς,
807 2240 905 2326 όςτις,
923 2241 1015 2322 ὅσος;
1038 2250 1062 2328 Ι,
1080 2249 1129 2324 70,
1147 2250 1166 2311 7
1190 2237 1287 2329 οἱμὲν
1302 2239 1342 2312 όν
1365 2301 1395 2314 ..
1418 2239 1465 2335 μη
1485 2246 1673 2328 rtemann,
1698 2245 1803 2313 οἰκεῖα
1820 2247 2002 2334 στέρεσθαι
2024 2241 2189 2336 ἡγοῦνται,

326 2333 401 2408 iid’
424 2339 464 2410 όν
485 2342 683 2424 ἐπελθόντες
704 2339 894 2435 κτήσωνται,
918 2340 1012 2433 ὀλίγα
1037 2403 1043 2416 .
1069 2403 1075 2414 .
1097 2355 1204 2430 τυχεῖν
1226 2342 1416 2432 πράξαντες.
1462 2351 1617 2417 Similiter
1639 2354 1681 2417 ih.
1707 2354 1783 2434 (his)
1807 2358 1837 2417 et
1861 2353 1889 2436 ὅ.
1915 2353 1943 2416 2.
1977 2355 2027 2431 71,
2052 2356 2081 2418 5.
2117 2355 2186 2434 140,

330 2452 347 2512 1
370 2450 423 2514 fin.
469 2451 507 2531 ΙΙ,
532 2453 583 2532 34,
607 2455 637 2521 3.
660 2455 713 2532 44,
738 2457 752 2516 1
773 2455 839 2517 et2
863 2445 959 2539 λύπη,
985 2443 1044 2533 οὐχ
1067 2443 1112 2516 ὦν
1134 2445 1173 2516 όν
1187 2476 1237 2528 τις
1259 2443 1305 2540 μη
1329 2446 1573 2539 πειρασόμενος
1595 2443 1732 2537 όγαθῶν
1754 2449 1971 2541 στερίσκηται,
1997 2444 2067 2516 dtt'
2085 2443 2125 2518 ori
2147 2443 2188 2516 ίίν

327 2542 412 2625 sede
433 2543 603 2635 γενόμενος
626 2544 816 2642 όφαιρεθῇε
842 2578 913 2620 nam
938 2559 969 2620 in
994 2557 1094 2621 altero
1117 2578 1243 2638 quoque
1269 2557 1409 2620 membro
1434 2559 1673 2622 coniunctivum
1699 2545 1900 2642 (ἀφαιρεθῇ)
1924 2577 1980 2621 suo
1997 2559 2063 2619 iure
2087 2555 2184 2619 Stah·

327 2653 390 2718 lius
412 2657 549 2720 scribere
572 2659 706 2736 videtur,
730 2659 836 2722 minus
860 2659 940 2722 bene
964 2658 1147 2723 Classenius
1170 2646 1375 2743 όφαιρεθείη
1398 2683 1439 2724 ex
1463 2659 1552 2724 codd.
1579 2660 1697 2725 maiore
1720 2681 1851 2725 numero
1874 2660 2038 2742 recepisse.
2062 2656 2115 2734 Ill,
2131 2655 2183 2733 37,

329 2756 430 2822 abis.
455 2759 506 2838 39,
529 2761 559 2824 4.
604 2762 653 2839 IV,
676 2761 727 2836 92,
756 2763 781 2824 l.
809 2762 878 2836 126,
902 2763 931 2825 6.
977 2762 1025 2836 Vl,
1053 2761 1101 2825 14.
1125 2761 1229 2838 92,4.
1276 2761 1340 2839 Vll,
1364 2761 1414 2839 29,
1437 2763 1466 2825 4.
1491 2761 1543 2836 68,
1569 2763 1596 2826 1.

482 2869 556 2944 post
579 2865 648 2927 adv.
674 2866 726 2928 rel.
751 2853 791 2927 οὗ
814 2863 837 2939 Ι,
861 2864 912 2941 37,
936 2865 965 2928 4.
990 2855 1036 2937 ὠς
1056 2863 1106 2942 IV,
1133 2864 1181 2943 18,
1204 2864 1234 2927 4.

537 2965 573 3047 ll)
598 2969 799 3033 enuntiatam
824 2967 988 3031 relativum
1014 2967 1046 3029 in
1070 2971 1150 3030 orat.
1174 2966 1240 3030 obl.
1269 2970 1454 3046 atempors
1478 2965 1552 3029 hist.
1577 2965 1736 3046 pendente
1762 2965 1903 3047 positum
1929 2969 1993 3028 est:
2019 2962 2068 3038 lv,
2092 2962 2144 3038 98,
2167 2959 2188 3022 2

330 3057 481 3150 (ἔφασαν)
514 3055 573 3131 τόν
605 3056 704 3148 νόμον
730 3121 769 3136 ..
801 3059 895 3145 εΙναι,
922 3057 968 3130 ὦν
998 3057 1038 3130 ἂν
1063 3054 1082 3154 ᾖ
1104 3055 1145 3130 τό
1167 3055 1287 3150 κρότος
1315 3066 1373 3153 τῆς
1401 3065 1460 3152 γῆς
1488 3055 1634 3152 ἑκόστης,
1669 3117 1676 3132 .
1702 3119 1708 3131 ,
1731 3055 1855 3130 τούτων
1886 3064 1939 3130 καί
1970 3055 2010 3128 τό
2034 3055 2107 3152 ἱεροὶ
2136 3051 2188 3127 ciel

328 3165 509 3252 γίγνεσθαι,
532 3159 673 3256 τρόποις
695 3160 948 3257 θεραπευόμενα
971 3159 1023 3243 οἷς
1045 3159 1085 3230 ἂν
1109 3221 1115 3233 .
1140 3221 1146 3234 .
1171 3159 1338 3233 δύνωνται.
1365 3205 1401 3215 -

485 3272 631 3337 Ceterum
657 3276 873 3357 compluribus
896 3273 974 3339 locis
997 3273 1137 3355 Thucyd.
1161 3276 1400 3339 aconianctivo
1426 3296 1497 3339 cum
1517 3262 1557 3336 όν
1581 3274 1729 3356 copulato
1746 3275 1886 3338 deflectit
1901 3272 1941 3336 ad
1959 3275 2188 3338 indicativum:

216 3455 224 3470 .
330 3373 380 3448 ΙΙΙ,
404 3374 455 3453 92,
481 3377 497 3438 1
522 3369 586 3438 εἰσί
611 3425 616 3438 .
643 3426 649 3441 .
673 3373 830 3454 πολέμιοι
854 3372 885 3440 ἐν
909 3365 990 3458 ᾧτε
1013 3366 1052 3438 ἂν
1073 3375 1185 3462 χωρίῳ
1206 3374 1448 3464 καταληφθῶσι
1469 3375 1523 3440 καὶ
1547 3369 1628 3440 ὅθεν
1651 3367 1849 3449 ἐπελθόντες
1871 3373 2016 3452 πολέμια
2039 3368 2189 3454 ἔδρασαν.

332 3475 501 3560 Pagoudas
524 3479 659 3559 primum
683 3481 821 3560 generali
845 3480 1004 3543 sententia
1028 3479 1115 3557 dicit,
1135 3480 1188 3560 jus
1211 3480 1322 3563 fasque
1345 3502 1414 3544 esse
1444 3480 1574 3544 Boeotis
1597 3480 1818 3554 Athenienses,
1850 3477 2033 3557 ubicunque
2057 3496 2111 3539 eos
2135 3475 2189 3538 de-

330 3581 540 3662 prehendant,
565 3582 705 3664 aggredi,
739 3583 851 3646 deinde
882 3583 981 3645 altero
1005 3583 1172 3646 enuntiato
1202 3582 1296 3647 licere
1328 3606 1399 3647 cum
1425 3581 1673 3647 Atheniensibus
1705 3581 1875 3661 confligere
1908 3579 1967 3641 hoc
1989 3581 2059 3660 ipso
2089 3583 2192 3641 terrae

336 3687 472 3758 Atticae,
497 3685 581 3748 unda
604 3685 737 3768 profecti
755 3684 905 3750 Boeotiae
929 3684 1046 3749 bellum
1069 3685 1246 3760 intulerint,
1268 3687 1347 3752 loco.
1395 3685 1562 3750 Simillime
1586 3684 1625 3747 ib.
1644 3682 1698 3763 §2
1727 3669 1765 3744 or'¹
1787 3671 1850 3766 peip
1871 3670 1910 3744 τό
1933 3677 2117 3766 προμηθὲς,
2142 3670 2193 3752 οἷς

333 3778 373 3850 ἂν
394 3777 493 3859 ἄλλος
517 3782 604 3873 ε’πίη,
627 3784 704 3872 περὶ
732 3783 791 3871 τῆς
818 3782 980 3870 σφετέρας
1014 3777 1139 3864 ὁμοίως
1166 3784 1333 3866 ἐνδέχεται
1365 3777 1524 3868 λογισμόν
1545 3781 1599 3848 καί
1623 3775 1713 3858 όςτις
1733 3773 1774 3846 τό
1796 3781 1854 3863 μὲν
1876 3779 1994 3848 ἑαυτοῦ
2019 3776 2098 3864 ἔχει,
2129 3779 2191 3845 τοῦ

332 3885 485 3963 πλείονος
509 3886 545 3952 δὲ
568 3879 764 3976 ὀρεγόμενος
786 3878 867 3954 ἑκών
887 3911 951 3952 τινι
974 3883 1157 3972 ἐπέρχεται,
1192 3895 1361 3973 postquam
1386 3891 1473 3973 prius
1496 3887 1686 3952 universalis
1708 3888 1869 3952 sententia
1901 3890 2109 3970 pronuntiata
2132 3889 2192 3963 est,

333 3997 453 4074 postea,
477 3993 542 4066 ubi,
567 3993 754 4073 singillatim
781 3991 990 4054 Athenienses
1014 3991 1232 4072 designantur,
1256 4015 1275 4056 a
1299 3992 1439 4073 generali
1463 3991 1588 4055 dicendi
1612 3991 1715 4054 lorma
1737 3990 1873 4071 scriptor
1897 3989 2040 4054 deflectit
2061 3988 2102 4052 ad
2125 3987 2193 4050 sin-

333 4095 484 4177 gularem.
531 4094 616 4157 Idem
641 4095 798 4158 transitus
822 4093 985 4156 invenitur
1007 4092 1044 4170 Il,
1068 4093 1120 4164 44,
1146 4096 1172 4158 1.

490 4196 535 4260 De
558 4202 657 4279 optat.
683 4197 752 4260 loco
775 4196 973 4259 coniunctivi
996 4217 1021 4259 ο.
1039 4184 1079 4256 όν
1103 4196 1243 4278 copulati
1267 4200 1340 4278 post
1361 4203 1507 4276 tempora
1522 4193 1597 4257 hist.
1614 4194 1761 4257 adhibito
1784 4194 1824 4257 cl.
1842 4215 1909 4275 cap.
1926 4193 1964 4268 ll,
1977 4192 2013 4268 B,
2029 4191 2052 4267 l,
2069 4191 2099 4267 4,
2116 4190 2147 4270 d,
2160 4193 2191 4270 β.

1060 4335 1091 4396 2.
1115 4333 1153 4395 τ’τι
1174 4333 1341 4396 enuntiato
1362 4332 1468 4415 sinuli.

494 4434 598 4500 Semel
622 4459 639 4498 a
664 4433 803 4516 Thucyd.
830 4434 860 4496 in
885 4434 1053 4496 enuntiato
1076 4433 1163 4497 finali
1187 4423 1227 4494 όν
1249 4455 1275 4498 c.
1300 4435 1381 4498 coni.
1407 4433 1590 4515 copulatum
1613 4437 1663 4496 est
1687 4431 1736 4508 Vl,
1759 4432 1810 4504 91,
1834 4431 1855 4492 4
1878 4423 1908 4491 εἰ
1921 4419 1967 4512 μη’
1992 4425 2195 4515 ..πέμψετε

335 4584 368 4599 ..
393 4525 496 4616 ἄνδρα
518 4527 726 4621 Σπαρτιάτην
747 4527 897 4617 ἄρχοντα,
922 4525 967 4606 ὠς
982 4524 1021 4596 ὃν
1035 4523 1113 4608 roric
1127 4557 1163 4597 τε
1179 4524 1344 4618 παρόντας
1366 4527 1501 4620 ξαντιίξη
1523 4532 1577 4596 καὶ
1592 4525 1670 4608 τούς
1691 4523 1737 4617 μη
1754 4528 1913 4604 θέλοντας
1935 4522 2192 4618 προςαναγκόση.

336 4637 440 4720 (Quod
464 4638 553 4702 codd.
578 4639 631 4704 Ar.
649 4637 694 4702 Cl.
719 4638 792 4701 Chr.
816 4637 891 4703 Ven.
918 4626 956 4709 ὅς
978 4657 1035 4719 pro
1051 4625 1096 4709 ὥς
1119 4637 1281 4718 praebent,
1305 4639 1424 4702 nullius
1449 4639 1602 4702 momenti
1618 4641 1677 4714 est,
1701 4633 1852 4716 quoniam
1871 4639 1903 4698 et
1921 4655 2031 4698 omnes
2048 4635 2197 4699 meliores

337 4739 429 4804 codd.
454 4731 500 4813 ιός
523 4740 677 4804 exhibent
701 4762 803 4822 neque
827 4761 961 4821 usquam
987 4727 1024 4812 ὃς
1046 4729 1085 4800 όν
1107 4739 1139 4802 in
1163 4741 1324 4804 sententia
1346 4739 1436 4804 finali
1460 4745 1592 4823 apparet
1614 4735 1698 4819 apud
1716 4735 1882 4818 Thucydi.
1929 4735 2076 4801 Ceterum
2100 4755 2195 4817 supra

336 4845 400 4906 iam
425 4843 715 4907 demonstravimus
739 4834 832 4916 ὅπως
847 4847 880 4908 et
892 4833 938 4916 uic
953 4841 1215 4906 coniunctionum
1239 4842 1395 4924 originem
1412 4865 1480 4907 esse
1497 4841 1661 4906 relativam
1680 4839 1735 4918 (=
1750 4839 1939 4922 quomodo):
1963 4860 2002 4902 ex
2019 4835 2200 4901 enuntiatis

337 4950 444 5010 autem
467 4944 592 5027 proprie
613 4945 757 5009 relativis
783 4951 863 5028 part.
887 4935 927 5006 div
960 4943 1117 5008 translata
1139 4945 1243 5008 estin
1267 4966 1313 5023 ea,
1347 4966 1428 5026 quae
1462 4943 1503 5008 ab
1527 4933 1620 5013 ὅπως
1650 4940 1699 5003 vel
1722 4929 1769 5012 αΙς
1800 4941 1972 5023 pendentia
2003 4937 2198 5002 sententiam
