4836 5782
1044 527 1251 628 ..ΒΖΜ

373 713 400 788 0)
422 703 487 794 adt

423 819 456 888 α)
479 802 524 896 μη’
549 799 748 896 ;1’ναμὴ;
771 813 821 890 IV,
848 812 908 877 105
930 801 1084 897 ἠπείγετο
1107 818 1344 898 πρσκατασχεῖν
1367 866 1374 880 .
1399 866 1406 880 .
1429 806 1486 902 την
1508 808 1616 898 πόλιν,
1647 811 1693 906 μή
1715 812 1953 908 όφικνουμὲνοο
1974 815 2076 890 αι’που

214 907 257 978 τό
280 914 413 1000 πλῆθος
435 913 499 978 τῶν
517 903 768 998 Ἀμφιπολιτῶν
790 962 824 977 ..
850 901 957 976 οὐκέτι
980 913 1198 999 προςγωροίη.

426 1017 461 1096 β)
486 1020 558 1098 post
580 1016 710 1078 verbum
735 1015 895 1080 metuendi
920 1011 1035 1082 δείδωε

374 1119 428 1196 ΙΙΙ,
452 1119 501 1192 74,
525 1119 544 1180 2
576 1112 772 1191 deluderes.
797 1168 803 1181 ,
826 1108 873 1202 μή
897 1110 915 1180 ὁ
939 1115 1045 1198 δῆμος
1066 1117 1125 1182 τοῦ
1147 1141 1181 1182 τε
1205 1116 1342 1204 νεωρίου
1371 1111 1591 1206 κρατήσειεν.
1615 1173 1623 1192 .
1645 1123 1699 1187 καί
1722 1123 1811 1210 σφᾶς
1833 1125 2073 1214 διαφθείρειεν,

220 1219 412 1304 ἐμπιπρᾶσι
432 1209 490 1292 τός
512 1213 625 1292 σίκλος.
670 1219 721 1297 78,
745 1219 848 1296 219,
872 1221 924 1296 27,
949 1223 976 1284 1.
1000 1221 1050 1298 VI,
1073 1219 1125 1298 24,
1148 1223 1178 1286 4.

381 1321 497 1386 Contra
527 1323 712 1403 saepissima
743 1321 958 1404 Thucydidem
993 1329 1067 1406 post
1096 1329 1240 1407 tempora
1271 1325 1423 1390 historica
1453 1313 1498 1410 μή
1530 1348 1556 1390 c.
1581 1329 1741 1394 coniunct.
1764 1330 1950 1396 adhibuisse
1978 1355 2075 1416 supra

226 1447 296 1509 pag.
320 1424 403 1488 8-9
424 1424 632 1488 ostendimus.

636 1644 638 1648 Α
768 1563 796 1624 4.
818 1561 856 1624 irc
878 1562 1018 1627 oratrbrac
1038 1563 1166 1646 οδλίηιιιι
1187 1563 1369 1626 narrationi
1388 1563 1517 1627 inserta

373 1681 543 1748 Simillima
566 1683 644 1759 eius,
668 1683 706 1746 de
729 1705 792 1766 qua
815 1683 908 1746 modo
931 1682 1064 1764 agimus,
1087 1685 1225 1767 optativi
1247 1685 1402 1748 orationis
1424 1683 1575 1765 obliquae
1598 1685 1680 1747 ratio
1704 1689 1769 1748 est:
1794 1684 1964 1750 adhibetur
1988 1685 2073 1748 enim

221 1786 259 1850 ad
274 1785 470 1850 referendam
488 1785 691 1864 sententiam,
714 1806 795 1867 quae
817 1785 952 1850 alicuius
970 1787 1069 1849 menti
1091 1787 1165 1850 olim
1188 1787 1358 1851 obversata
1382 1791 1440 1864 ast,
1463 1783 1552 1850 nulla
1569 1787 1692 1850 ratione
1714 1787 1835 1865 habita,
1859 1787 1946 1852 nullo
1964 1786 2073 1850 addito

220 1887 347 1962 iudicio,
370 1893 479 1952 utrum
501 1887 557 1952 ilia
579 1888 733 1970 cogitatio
756 1910 829 1950 vera
852 1886 947 1953 fuerit
970 1909 1078 1952 necue.
1124 1887 1229 1953 Meroe
1251 1889 1349 1971 igitur
1379 1889 1584 1970 cogitationis
1615 1891 1704 1952 notio
1727 1891 1759 1952 in
1783 1890 1844 1954 hoc
1868 1911 1995 1972 quoque
2017 1909 2074 1970 op·

214 1989 321 2054 tativo
344 1989 437 2052 inest.
483 1987 630 2053 Ceterum
654 2011 718 2053 non
741 1994 867 2072 tempus
889 1989 1076 2054 historicum
1108 1991 1269 2055 enuntiati
1291 1990 1381 2056 liberi
1405 2013 1533 2056 causam
1557 2013 1636 2068 esse,
1660 2013 1715 2055 cur
1737 1992 1901 2075 optativus
1926 1995 2072 2074 portatur,

221 2090 275 2152 sed
299 2089 383 2170 quod
407 2089 508 2154 alius
541 2091 732 2172 cogitatio
763 2089 906 2166 refertur,
938 2093 1071 2173 apparet
1094 2115 1134 2155 ex
1156 2092 1260 2156 verbis
1282 2093 1306 2166 I,
1329 2091 1421 2170 38‚1
1455 2082 1525 2154 tar
1550 2081 1626 2154 οίίτε
1647 2085 1733 2176 πρός
1754 2083 1833 2166 τούς
1855 2083 1974 2166 ἄλλους
1997 2082 2073 2154 uiua

222 2187 254 2265 ἐς
277 2181 361 2275 ἡμᾶς
382 2186 508 2255 τοιοίδε
531 2185 623 2268 εἰσίν,
657 2181 797 2255 όίποικοι
827 2189 863 2254 δὲ
890 2184 980 2266 ’όντες
1001 2180 1166 2278 όφεστᾶσί
1186 2215 1224 2256 τε
1246 2182 1303 2256 διό
1326 2183 1450 2267 παντός
1480 2189 1534 2255 καὶ
1556 2191 1610 2255 νῦν
1631 2191 1817 2271 πολεμοῦσι
1849 2191 2004 2276 λέγοντες,
2027 2183 2074 2266 aio

221 2281 279 2355 σόκ
300 2289 354 2356 ἐπί
375 2291 421 2376 τῷ
443 2283 547 2368 κακῶς
569 2285 708 2375 πόσχειν
730 2290 967 2380 ἐκπεμφθεῒενι
991 2317 1094 2378 περιτο
1118 2297 1201 2360 enim
1218 2296 1264 2360 ibi
1286 2297 1325 2359 de
1341 2295 1498 2377 praesenti
1514 2293 1666 2358 historico
1691 2295 1775 2377 quod
1793 2303 1924 2360 vocatur
1940 2296 2070 2360 omnino

224 2399 325 2474 potest
342 2397 490 2476 cogitari.
536 2395 694 2460 Omnibus
716 2397 796 2474 aliis,
821 2399 876 2478 qui
896 2396 979 2461 infra
1002 2398 1182 2476 afferentur,
1204 2397 1283 2461 locis
1306 2402 1432 2481 tempus
1447 2397 1635 2462 historicum
1659 2399 1827 2479 praecedit.
1867 2397 1975 2462 Uittur
1998 2418 2072 2461 vero

218 2497 359 2580 'Thucyd
384 2497 444 2563 hoc
466 2499 601 2580 optativi
624 2521 739 2580 genere
762 2535 802 2544 -
826 2503 949 2582 praeter
970 2520 1025 2563 eos
1047 2499 1143 2578 locos,
1178 2499 1234 2563 ubi
1255 2499 1291 2562 in
1312 2498 1481 2563 sententiis
1503 2497 1655 2562 finalibus
1677 2499 1850 2576 invenitur,
1873 2519 1954 2581 quos
1976 2521 2072 2582 supra

221 2600 282 2663 iam
307 2620 466 2664 unacum
490 2599 560 2664 aliis
583 2601 737 2684 exemplis
760 2601 1014 2666 enumeravimus
1038 2636 1079 2647 -

373 2721 406 2798 a)
430 2719 525 2783 semel
548 2719 589 2782 in
614 2720 841 2797 enuntiato,
864 2721 967 2804 quod
996 2721 1109 2784 liberi
1146 2719 1310 2783 sormam
1343 2717 1483 2783 induit
1505 2723 1538 2781 ct
1561 2720 1715 2800 particula
1738 2705 1800 2804 γόρ
1823 2719 2008 2783 annectitur
2030 2719 2071 2782 ad

222 2820 483 2898 enuntiationem,
507 2842 587 2901 quae
612 2812 662 2882 ὅτι
687 2844 713 2885 c.
737 2827 802 2905 opt.
827 2825 982 2887 continet:
1015 2822 1076 2886 hac
1107 2821 1332 2885 coniunctione
1365 2821 1538 2901 praemissa
1559 2819 1605 2898 fit,
1639 2825 1675 2884 ut
1698 2825 1809 2902 postea
1839 2841 1967 2902 quoque
1994 2824 2071 2902 opt,

227 2943 288 2985 non
311 2943 417 2985 accus.
442 2944 467 2986 o.
492 2922 547 2986 inf.
574 2928 721 3005 ponatur:
745 2924 782 3002 ΙΙ,
805 2925 856 3002 72,
881 2924 900 2987 2
923 2910 1137 3006 δπεκρλναντο
1159 2911 1259 3003 αὐτῷ,
1285 2913 1335 2985 ὅτι
1359 2910 1503 2984 όδόνατα
1526 2917 1641 3006 σφίσιν
1663 2919 1713 3006 εἴη
1736 2925 1854 2997 ποιεῖν,
1879 2914 1965 3004 ἅπερ
1988 2940 2069 3003 προ-

220 3025 372 3098 καλεῖται,
404 3013 480 3084 ἄνευ
499 3012 690 3110 Ἀθηναίων·
721 3023 840 3099 παῖδες
860 3016 923 3109 γόρ
945 3024 1038 3110 σφῶν
1060 3023 1114 3087 καί
1136 3027 1280 3106 γιναῖκες
1302 3022 1380 3105 παρ’
1404 3019 1539 3096 ἐκείνοις
1561 3013 1635 3085 είεν·
1664 3025 1822 3106 (sequitur
1845 3025 1902 3088 inf.
1926 3021 2072 3088 δεδιέναι

226 3118 262 3184 δὲ
283 3121 336 3184 καὶ
357 3121 431 3210 περί
453 3123 492 3210 τῇ
515 3113 605 3211 πόση
628 3117 727 3188 πόλει
750 3151 775 3191 κ.
795 3150 820 3190 τ.
838 3126 889 3200 λ).
937 3127 1059 3191 Similia
1094 3129 1238 3209 exempla
1269 3127 1351 3209 apud
1375 3127 1455 3190 aiios
1478 3146 1604 3207 quoque
1629 3128 1799 3210 scriptores
1833 3127 1957 3190 Atticos
1981 3127 2069 3191 inva-

228 3225 374 3288 niuntur:
398 3226 434 3290 cI.
460 3249 485 3290 e.
509 3248 554 3309 gr.
579 3227 657 3290 Xan.
683 3229 741 3292 An.
766 3229 829 3305 VII,
853 3229 883 3306 3,
908 3223 956 3292 13.
983 3229 1063 3292 hist..
1086 3229 1139 3308 III,
1163 3228 1192 3306 2,
1216 3229 1266 3292 23.
1291 3227 1353 3304 ΙίΠ,
1379 3230 1405 3304 1,
1431 3228 1481 3292 23.
1495 3227 1533 3306 ²⁰)

374 3343 406 3425 b)
442 3348 482 3410 in
514 3347 752 3410 enuntiatis
788 3348 1022 3411 sententiam
1072 3321 1405 3428 exprimentibus,
1443 3367 1543 3428 quae
1579 3347 1823 3411 inchoantur
1860 3347 2071 3430 particulis

218 3444 402 3510 relativis
433 3438 496 3510 ὅτι
527 3453 564 3512 et.
588 3439 646 3522 ὠς.

424 3550 458 3632 α)
483 3555 554 3633 post
579 3543 644 3614 iim:

475 3653 532 3732 αα)
557 3659 629 3733 post
651 3652 747 3716 verba
770 3651 929 3716 sentiendi
952 3651 1140 3732 dicendique.
1165 3651 1219 3732 (z
1242 3651 1347 3724 dass):

371 3757 437 3833 opt.
462 3775 561 3835 praes.
587 3753 633 3817 vel
658 3775 721 3819 aor.
746 3759 853 3818 exstat
874 3755 898 3831 Ι,
921 3753 973 3831 67,
999 3756 1015 3816 1
1038 3743 1202 3831 κατεβόων
1225 3800 1255 3815 ..
1279 3742 1334 3814 ὅτι
1355 3801 1383 3819 ..
1405 3738 1559 3816 δδικοῒεν.
1583 3751 1635 3826 87,
1645 3752 1674 3814 4.
1698 3752 1736 3826 ll,
1759 3752 1790 3826 5,
1803 3752 1831 3815 5.
1857 3753 1952 3826 13,1.
1975 3754 2067 3832 57,1.

213 3851 269 3926 72,
280 3851 308 3916 2.
332 3853 486 3932 III,71,1.
510 3855 560 3932 lv,
576 3857 627 3932 46,
639 3856 668 3920 5.
693 3856 745 3932 97,
757 3856 785 3920 2.
812 3857 882 3932 114,
893 3856 922 3920 3.
942 3855 1013 3934 130,
1023 3855 1053 3917 4.
1078 3854 1112 3932 V,
1125 3854 1155 3928 2,
1166 3854 1194 3918 3.
1212 3854 1263 3928 26,
1273 3853 1303 3916 4.
1327 3839 1381 3915 όεὶ
1396 3842 1459 3938 γόρ
1475 3844 1574 3934 ἔγωγε
1594 3848 1758 3936 μέμνημαι
1776 3899 1782 3912 .
1800 3844 2072 3940 ,προφερόμενον

219 3949 274 4030 (z
298 3944 351 4015 ότι
373 3951 593 4041 προεφέρετο)
619 3945 684 4019 όπδ
708 3954 848 4032 πολλῶν,
873 3947 925 4019 ὅτι
946 3954 1017 4038 τρίς
1039 3952 1127 4018 ἐννέα
1150 3948 1204 4038 ἔτη
1228 3951 1301 4018 δέοι
1322 3949 1476 4036 γενέσθαι
1498 3942 1605 4018 αὐτόν.
1650 3954 1702 4030 56,
1725 3954 1753 4017 2.
1775 3955 1867 4031 61,2.
1903 3956 1952 4034 VI,
1975 3956 2027 4036 29,
2039 3957 2069 4022 2.

218 4055 1468 4136 4661111313.1111565610,1.86,6.99,1.100,ο.108,
1495 4060 1523 4120 1.

373 4163 437 4241 opt.
461 4159 536 4240 parf.
559 4164 620 4222 act.
655 4166 776 4224 exstat:
817 4160 1073 4241 circumscriptus
1095 4181 1151 4242 per
1174 4163 1253 4241 part.
1277 4157 1355 4240 peri.
1379 4163 1412 4221 et
1433 4163 1499 4241 opt.
1524 4156 1591 4241 εἲην
1611 4158 1635 4232 Ι,
1659 4157 1698 4220 67
1725 4161 1737 4221 1
1764 4147 1958 4236 κατεβόων.
1984 4208 1990 4221 .
2016 4151 2070 4222 ὅτι

216 4249 363 4332 σπανδός
387 4307 394 4322 .
418 4306 425 4321 .
449 4248 617 4334 λελυκότες
639 4250 710 4324 είεν.
755 4261 793 4340 ΙΙ,
816 4263 846 4338 6,
870 4261 890 4325 3
914 4282 951 4323 οε
974 4251 1036 4345 γόρ
1059 4249 1201 4345 ἠγγέλθη
1223 4247 1346 4336 criseis,
1370 4251 1424 4322 ὅτι
1444 4251 1639 4344 τεθνηκότες
1662 4249 1734 4321 aira.
1761 4296 1794 4307 -
1824 4260 1968 4341 proprius
1991 4261 2066 4341 parf.

216 4367 296 4444 opt:
320 4362 369 4442 IV,
395 4362 464 4440 122,
488 4363 509 4426 3
532 4353 733 4440 αἰσθόμενος
756 4407 764 4424 .
787 4409 795 4425 .
821 4355 873 4425 ὅτι
897 4353 1032 4446 ὕστερον
1052 4350 1279 4447 όφεστήκοιεν.
1323 4361 1386 4434 VII,
1410 4362 1496 4438 83‚1
1521 4353 1630 4443 ἔλεγον
1654 4411 1659 4423 .
1684 4411 1691 4426 .
1715 4351 1766 4423 ότι
1791 4351 2068 4444 παραδεδώκοιεκ.

216 4463 306 4544 (vlll,
331 4463 381 4542 92,
406 4464 425 4526 2
448 4457 501 4528 ότι
524 4458 652 4547 εἰδείη.)
697 4464 774 4542 VIII,
801 4464 870 4542 108,
897 4467 912 4527 1
937 4453 1098 4547 ἀγγέλλων
1120 4513 1127 4527 .
1152 4512 1159 4526 .
1181 4453 1240 4525 τόν
1267 4459 1491 4548 Τισσαφέρνην
1515 4453 1567 4525 ὅτι
1589 4458 1687 4547 φίλον
1709 4452 1897 4548 πεποιήκοι.

371 4569 436 4647 opt.
461 4565 520 4630 fur.
543 4571 603 4630 act.
627 4565 792 4648 reperitur:
815 4565 838 4643 I,
862 4566 914 4644 90,
936 4567 957 4628 4
980 4555 1140 4640 όπειπσίν,
1171 4551 1274 4626 τᾶλλα
1296 4555 1350 4626 ότι
1372 4553 1472 4639 αότός
1495 4615 1501 4630 .
1528 4616 1535 4632 ,
1558 4555 1693 4650 πρόξοι,
1717 4555 1830 4646 dixero.
1876 4565 1926 4642 IV,
1950 4565 2021 4644 110,
2045 4565 2064 4627 2

456 4657 471 4682 (Ι

216 4657 352 4744 εἰδότες,
376 4658 428 4730 ὅτι
452 4666 537 4750 ηξσι,
560 4656 702 4752 ἐτήρουν.
747 4667 825 4745 VIII,
847 4666 899 4742 48,
923 4667 943 4728 2
966 4660 1084 4749 ἔλεγον,
1108 4656 1161 4729 ὅτι
1181 4654 1339 4746 βασιλεός
1362 4714 1369 4729 .
1396 4715 1402 4728 ,
1425 4653 1574 4749 χρήματα
1597 4662 1746 4748 παρέξοι.

370 4900 822 4972 ¹⁰)01.Brum1.1.1.p.259sq.
858 4902 980 4970 Aken.§¹
1001 4903 1057 4954 111.
1094 4901 1175 4968 ng
1193 4899 1389 4968 §.atoma
1407 4901 1432 4955 4.
